3534 5242
1657 271 2103 329 —20-

651 479 855 565 longe
923 479 1266 565 superavit
1338 500 1519 544 novo
1587 479 1881 564 quodam
1947 486 2348 565 argumento
2415 479 2637 555 allate,
2709 478 2892 564 quod
2962 476 3108 564 ipse

652 608 806 651 cum
855 587 1271 667 Heroher01)
1320 586 1613 651 luctatus
1661 585 2023 651 invenerat
2068 609 2291 671 neque
2338 588 2473 651 huc
2519 607 2736 670 usque
2784 585 2947 650 satis
2995 584 3108 649 ad-

652 693 993 758 hibuerat:
1045 700 1522 777 argumentum
1568 693 1759 764 illud,
1812 715 1943 777 quo
1991 692 2320 758 interesse
2366 692 2545 757 inter
2575 692 2995 758 Nicandrum
3043 698 3109 755 et

652 799 1081 865 Antoninum
1150 801 1529 866 Liberalem
1594 801 1797 887 plane
1867 801 1951 865 ad
2019 801 2249 866 oculos
2320 801 2517 866 nobis
2597 798 3105 865 demonstravit.

651 906 965 992 Denique
1034 907 1452 973 Nicandrum
1523 906 1799 974 novisse
1869 907 2345 973 emblematum
2410 907 2828 994 poeticorum
2896 913 3109 972 artem

650 1014 815 1080 locis
865 1038 948 1080 ex
995 1015 1319 1081 Nicandri
1366 1020 1519 1104 ἑτερ.
1572 1014 1790 1080 allatis
1838 1036 1961 1080 suo
2008 1014 2155 1079 iure
2202 1015 2571 1080 contendit.

864 1123 962 1188 Ut
1026 1123 1322 1189 breviter
1392 1130 1724 1209 repetam:
1795 1123 1880 1187 ad
1938 1122 2167 1188 Ovidii
2231 1120 2889 1208 consanguinitatem
2956 1144 3109 1187 cum

648 1231 992 1297 Nicandro
1041 1232 1263 1296 adhuc
1311 1238 1692 1317 suspectam
1740 1230 1875 1297 iam
1923 1231 2123 1318 plane
2177 1230 2656 1317 experiendam
2702 1230 2921 1294 Bethe
2971 1251 3108 1294 rec·

649 1346 789 1404 tam
835 1338 1015 1405 viam
1064 1338 1261 1404 nobis
1310 1338 1647 1425 patefecit.

861 1446 1086 1511 Huius
1136 1468 1298 1532 ergo
1346 1445 1588 1511 itinere
1637 1445 2132 1531 aliquantulum
2179 1446 2502 1533 progredi
2549 1468 2891 1512 conemur.

1034 1660 1097 1728 1.
1144 1660 1260 1729 De
1307 1660 1712 1746 Nicandro
1765 1664 1844 1730 et
1889 1661 2302 1730 Antonino
2350 1660 2731 1731 Liberali.

1595 1809 1658 1891 a)
1709 1805 2162 1892 Typhoeus,

863 1949 1082 2014 Bethe
1116 1948 1450 2015 Antonini
1481 1949 1810 2015 Liberalis
1843 1950 2143 2015 fabulam
2169 1949 2544 2036 Typhoei2)
2578 1949 2649 2013 in
2684 1949 2852 2014 duas
2885 1956 3110 2035 partes

652 2055 952 2121 seiunxit
979 2096 1066 2105 —
1100 2056 1327 2123 Ovidii
1363 2057 2024 2144 Metamorphosibus
2073 2057 2322 2123 auxilio
2353 2057 2611 2123 vocatis
2660 2079 2775 2134 -3
2827 2077 3108 2141 quarum

653 2163 864 2228 altera
897 2164 1196 2229 enarrari
1226 2164 1537 2230 timorem
1571 2165 2188 2250 conversionesque
2222 2166 2525 2242 deorum,
2577 2164 2786 2229 altera
2826 2162 3113 2228 monstri

652 2293 962 2357 poenam.
1012 2272 1155 2337 Has
1192 2272 1360 2338 duas
1393 2271 1682 2351 fabulaS,
1712 2295 1883 2358 quae
1910 2295 1948 2338 a
1970 2273 2313 2339 Nicandro
2341 2272 2685 2337 seiunctae
2718 2278 2786 2336 et
2809 2309 2895 2319 —-
2927 2270 3109 2335 haud

651 2399 847 2444 secus
912 2387 1115 2464 atque
1163 2380 1345 2466 apud
1395 2379 1717 2445 Ovidium
1764 2419 1855 2428 —
1901 2379 2302 2446 distributae
2345 2386 2579 2445 essent
2622 2378 2802 2444 inter
2847 2377 3106 2443 Pierias

651 2491 719 2550 et
750 2486 1002 2564 MusaS‚
1036 2488 1615 2573 mythographum
1648 2487 1720 2551 in
1753 2509 1961 2552 unam
1995 2487 2387 2553 continuam
2417 2486 2836 2552 historiolam
2868 2507 3109 2551 concu-

653 2593 834 2659 disse
866 2594 1306 2680 vulgarisque
1353 2594 1624 2660 fabulae
1659 2594 2143 2680 singultatibus
2178 2615 2560 2660 exornasse.
2638 2594 2853 2672 Quam
2885 2600 3110 2658 conta-

650 2701 1089 2767 minationem
1156 2703 1356 2788 plane
1422 2725 1747 2788 apparere
1814 2725 1897 2767 ex
1954 2702 2181 2769 verbis
2230 2704 2511 2768 deorum
2571 2702 2778 2787 fugae
2842 2723 3109 2788 praece-

651 2809 998 2875 dentibus:
1058 2811 1234 2884 οὑτος
1276 2813 1391 2892 (so.
1442 2816 1476 2876 ό
1534 2815 1779 2899 Τυφών)
1827 2813 2163 2899 ἐπεθύμησε
2221 2817 2322 2877 τοῦ
2371 2813 2509 2883 Διὸς·
2559 2810 2715 2900 ἔχειν
2770 2815 2873 2900 τὴν
2920 2813 3112 2902 ἀρχὴν

649 2922 747 2984 καὶ
792 2922 973 2984 αὑτὸν
1019 2920 1413 3007 ἐπερχόμενον
1459 2921 1654 2990 οὐδεὶς·
1697 2922 1947 3007 ὑπέμενε
1994 2926 2110 2984 τῶν
2157 2920 2339 2996 θεῶν,
2383 2921 2537 2984 ἀλλὰ
2568 2920 2864 2994 δείσαντες
2893 2917 3112 3005 ἔφυγον

651 3029 863 3097 πάντες
911 3029 996 3097 εἷς·
1039 3029 1141 3116 τὴν
1187 3025 1493 3109 Αἴγυπτον,
1533 3026 1748 3114 Ἀθηνᾶ
1795 3029 1863 3093 δὲ
1903 3030 2002 3092 καὶ
2032 3029 2190 3097 Ζεὺς·
2232 3026 2673 3113 ὑπελείφθησαν
2709 3028 2899 3110 μόνοι·
2953 3045 3111 3088 nam

650 3138 784 3196 aut
843 3153 1076 3196 omnes
1136 3132 1377 3218 fugere
1435 3139 1569 3197 aut
1637 3133 1808 3197 duos
1865 3154 2236 3210 remanere,
2301 3138 2665 3216 utrumque
2718 3153 2882 3196 vero
2947 3154 3109 3196 una-

652 3238 986 3324 simulque
1032 3239 1186 3304 fieri
1231 3240 1532 3325 nequire.

863 3348 1033 3412 Jure
1079 3348 1298 3413 Bethe
1342 3348 1416 3412 in
1464 3348 1594 3412 hoc
1651 3346 1967 3411 dissensu
2014 3345 2249 3424 haesit,
2299 3348 2534 3429 (verba
2567 3345 2748 3411 enim
2787 3347 3002 3435 Ἀθηνᾶ
3041 3349 3112 3414 δὲ

651 3459 748 3522 καὶ
793 3459 951 3527 Ζεὺς·
994 3458 1438 3544 ὑπελείφθησαν
1475 3459 1646 3544 μόνοι
1690 3453 1870 3520 intra
1916 3455 2092 3520 hanc
2138 3454 2486 3541 periodam
2537 3475 2686 3518 esse
2732 3453 3112 3519 adulterina

648 3562 981 3649 coniecit).
1075 3562 1246 3628 Jure
1294 3564 1645 3629 contendit
1689 3570 1903 3630 totam
1951 3586 2178 3629 rerum
2231 3561 2698 3628 condicionem
2750 3584 2899 3627 esse
2947 3561 3109 3628 satis

649 3670 978 3757 ineptam:
1044 3669 1446 3757 Typhoeum
1506 3679 1764 3737 ceteros
1824 3672 1987 3737 deos
2045 3692 2193 3736 esse
2240 3677 2692 3756 persecutum,
2752 3692 2907 3735 cum
2963 3692 3110 3756 gra-

651 3778 913 3843 vissimi
944 3777 1315 3843 adversarii
1347 3778 1394 3844 J
1398 3778 1667 3866 uppiter
1716 3786 1783 3845 et
1815 3779 2127 3844 Minerva
2164 3784 2609 3843 remanerent.
2660 3777 2707 3843 J
2708 3800 2829 3843 ure
2863 3776 3111 3842 deinde

650 3885 1009 3951 transitum
1060 3908 1098 3951 a
1144 3886 1588 3953 conversione
1635 3888 1720 3952 ad
1780 3909 2081 3973 pugnam
2138 3884 2365 3950 verbis
2426 3887 2675 3953 ἔπειτα
2722 3888 2801 3953 δὲ
2858 3890 3111 3973 Τυφῶνα

652 3997 810 4065 Ζεὺς·
847 3995 1057 4078 βάλλει
1103 4000 1375 4082 κεραυνῷ
1423 3993 1678 4059 factum
1726 3992 2142 4081 vituperavit
2196 4014 2344 4058 esse
2390 3992 2733 4058 leviorem.
2831 3991 3109 4056 Summo

656 4121 817 4185 ergo
851 4100 998 4166 iure
1031 4101 1251 4166 Bethe
1283 4103 1458 4166 hanc
1489 4100 1825 4166 Antonini
1856 4100 2156 4166 fabulam
2187 4099 2258 4164 in
2294 4100 2463 4165 duas
2496 4106 2721 4186 partes
2756 4097 3107 4185 disposuit.

863 4209 958 4273 At
1006 4216 1362 4293 utramque
1420 4230 1569 4273 esse
1630 4208 1929 4273 fabulam
1976 4230 2138 4272 vere
2183 4206 2636 4275 Nicandream
2682 4227 2861 4291 nego
2910 4213 3110 4290 atque

652 4337 972 4401 pernego.

865 4422 1096 4488 Verba
1139 4423 1355 4512 Ἀθηνᾶ
1399 4426 1469 4491 δὲ
1517 4427 1614 4490 καὶ
1659 4426 1818 4495 Ζεὺς·
1860 4424 2305 4512 ὑπελείφθησαν
2355 4425 2526 4509 μόνοι
2570 4420 2810 4499 Bethe,
2862 4420 3110 4507 quippe

866 4603 911 4671 1)
949 4620 1004 4655 v.
1044 4601 1296 4656 Hermae
1334 4602 1451 4656 vol.
1491 4602 1560 4655 38
1599 4602 1789 4672 (1903)
1827 4620 1880 4672 p.
1920 4601 2025 4655 608
2063 4616 2137 4654 ss.

867 4692 911 4760 ²)
951 4691 1170 4744 Anton.
1210 4690 1401 4744 Liber.
1443 4708 1488 4743 c.
1529 4690 1615 4743 28.
