3534 5242
1644 265 2090 323 —34—

640 493 680 535 a
725 471 959 557 primis
1006 470 1216 536 initiis
1273 471 1451 537 inter
1507 493 1656 536 sese
1719 494 1859 537 non
1921 472 2335 552 coniunctas,
2400 482 2756 560 utramque
2822 474 3094 541 demum

637 577 1160 643 contaminatam
1208 600 1356 643 esse
1402 577 1486 644 ab
1535 577 1780 645 Ovidio
1825 579 1938 645 vel
1984 579 2128 645 eius
2177 580 2370 646 fonte
2417 587 2485 646 et
2535 581 2910 648 Antonino.
3005 582 3096 646 Et

638 683 1070 749 coniunctam
1160 685 1547 751 invenimus
1640 692 1996 771 utramque
2074 686 2145 751 in
2224 688 2724 755 commentariis
2800 688 3090 754 Arateis.

637 790 1269 858 Catasterismorum
1344 792 1459 877 qui
1528 792 1969 858 Eratostheni
2050 794 2528 861 adscribuntur
2585 819 2640 862 6.
2695 805 2775 863 18
2833 796 2930 862 sic
2995 796 3094 861 in-

638 897 827 985 cipit:
868 897 1135 966 Ἵππου.
1219 950 1231 963 .
1252 951 1295 964 ..
1315 951 1328 964 .
1359 900 1624 990 ’Ἄρατος
1655 905 1771 988 μὲν
1816 901 1923 968 οὖν
1968 929 2110 991 φησι
2155 907 2253 969 τὸν
2297 905 2406 985 ἐπὶ,
2439 909 2541 970 τοῦ
2581 901 2918 977 Ἑλλικῶνος
2955 906 3100 971 εἶναι

639 1010 958 1097 ποιήσαντα
1005 1012 1221 1098 κρήνην
1270 1015 1342 1098 τῇ
1373 1013 1545 1098 ὁπλῇ,
1594 1007 1704 1097 ἀφ’
1736 1009 1809 1074 οὗ
1837 1011 2148 1076 καλεῖσθαι
2174 1008 2386 1078 Ἵππου
2417 1014 2650 1102 κρήνην·
2685 1014 2848 1078 ἄλλοι
2891 1013 2963 1078 δὲ
3001 1016 3098 1079 τὸν

637 1116 919 1204 Πήγασον
975 1117 1127 1181 εἷναί
1175 1142 1320 1204 φασι
1383 1119 1502 1184 κτλ.
1604 1114 1787 1181 Hinc
1851 1116 2087 1202 Equus
2152 1139 2274 1203 par
2338 1117 2613 1204 ponitur
2675 1118 2943 1204 Pegaso
3011 1118 3096 1184 ab

639 1220 922 1305 Hygino
971 1229 1220 1288 astron.
1272 1245 1326 1287 6.
1377 1223 1655 1288 XVIII:
1706 1223 2003 1308 Equus.
2092 1224 2296 1289 Hunc
2343 1226 2597 1289 Aratus
2647 1233 2715 1290 et
2763 1224 2873 1290 alii
2920 1246 3096 1291 com-

637 1327 867 1412 plures
898 1328 1261 1414 Pegasum,
1296 1329 1597 1415 Neptuni
1646 1336 1714 1395 et
1745 1330 2071 1396 Medusae
2104 1330 2448 1416 Gorgonis
2480 1331 2699 1396 filium
2744 1331 3094 1411 dixerunt3

641 1433 756 1518 qui
801 1435 873 1498 in
919 1435 1250 1501 Helicone
1293 1437 1615 1503 Boeotiae
1663 1443 1894 1502 monte
1943 1438 2201 1523 ungula
2247 1437 2502 1503 feriens
2550 1461 2789 1504 saxum
2834 1438 3095 1506 fontem

637 1541 920 1627 aperuit,
994 1543 1111 1627 qui
1179 1566 1262 1607 ex
1334 1543 1476 1608 eius
1535 1543 1809 1609 nomine
1867 1544 2306 1631 Hippucrene
2378 1552 2480 1610 est
2536 1547 2912 1633 appellatus
2969 1554 3094 1612 etc.

637 1649 951 1735 Denique
999 1650 1360 1737 Neptunus
1428 1659 1618 1738 pater
1683 1662 2071 1717 removetur
2117 1652 2351 1717 Persei
2406 1654 2651 1739 gratia:
2710 1653 3096 1719 Germanici

641 1757 945 1821 Caesaris
994 1758 1401 1825 Arateorum
1446 1781 1512 1824 v.
1563 1768 1693 1826 218
1743 1780 1831 1823 ss,

958 1866 1300 1951 Gorgonis
1348 1865 1458 1931 hic
1500 1867 1755 1953 proles3
1805 1866 1877 1931 in
1923 1867 2146 1933 Pierio
2195 1868 2546 1946 Helicone,

956 1973 1212 2039 vertice
1260 1995 1413 2038 cum
1462 1995 1724 2039 summo
1773 1975 2081 2040 nondum
2130 1975 2519 2040 decurreret
2567 1975 2774 2054 unda,

957 2101 1231 2146 museos
1276 2080 1486 2146 fontis
1537 2081 1758 2145 dextri
1805 2081 1999 2167 pedis
2047 2081 2292 2147 ictibus
2342 2082 2584 2147 hausit.

955 2188 1117 2252 inde
1163 2187 1385 2273 liquor
1430 2187 1701 2273 genitus
1750 2210 2001 2254 nomen
2047 2196 2262 2254 tenet:
2314 2190 2798 2277 Hippocrenen

960 2295 1187 2361 fontes
1234 2317 1485 2360 nomen
1542 2295 1812 2360 habent.

639 2401 820 2467 Fieri
868 2404 1107 2488 potuit,
1168 2411 1241 2466 ut
1286 2409 1552 2468 veteres
1602 2403 1948 2469 stellarum
1997 2403 2133 2468 situ
2180 2405 2495 2470 commoti
2542 2405 2886 2491 Pegasum
2944 2426 3095 2471 cum

643 2510 969 2574 Medusae
1002 2509 1220 2595 capite
1254 2517 1320 2573 et
1349 2509 1603 2575 Perseo
1636 2510 2151 2597 coniungerent,
2199 2519 2276 2578 ut
2306 2513 2483 2577 hanc
2516 2534 2765 2578 novam
2798 2512 3094 2577 fabulam

641 2616 887 2683 deinde
944 2617 1016 2681 in
1075 2617 1591 2683 commentarios
1653 2625 1720 2682 et
1768 2618 2062 2703 denique
2128 2620 2200 2684 in
2248 2620 2650 2707 compendia
2696 2620 3094 2707 reciperent.

639 2724 924 2790 Ovidius
974 2747 1136 2810 ergo
1186 2724 1384 2790 facile
1415 2725 1661 2810 Pegasi
1704 2725 2003 2791 fabulam
2053 2749 2274 2812 neque
2322 2750 2405 2791 ex
2453 2728 2817 2793 certamine
2850 2728 3095 2794 Nican-

640 2832 800 2896 dreo
849 2854 1071 2916 neque
1141 2854 1177 2895 e
1243 2830 1445 2896 rebus
1511 2854 1550 2897 a
1611 2832 1864 2897 Perseo
1922 2833 2132 2918 gestis
2188 2833 2260 2898 in
2330 2835 2732 2921 compendio
2803 2834 3097 2900 fabulari

637 2939 923 3004 narratis
957 2938 1200 3015 hausit,
1252 2939 1372 3003 sed
1421 2961 1502 3003 ex
1552 2939 2033 3004 commentario
2070 2942 2344 3019 Arateo‚
2395 2963 2529 3026 quo
2573 2942 2817 3028 Pegasi
2863 2942 3096 3008 fabula

639 3068 848 3132 prope
895 3045 1130 3110 Persei
1179 3067 1285 3110 res
1332 3046 1581 3111 tradita
1626 3055 1788 3112 erat.

1340 3424 1411 3492 5.
1458 3424 1574 3493 De
1619 3424 2008 3496 Nicandri
2053 3431 2207 3516 ἑτερ.
2254 3426 2393 3497 IV.

854 3583 1177 3662 Quamvis
1233 3585 1304 3651 in
1355 3586 1644 3673 singulis
1691 3588 1895 3654 rebus
1952 3589 2218 3654 fabulas
2268 3588 2495 3655 Ovidii
2553 3612 2707 3656 cum
2751 3589 3097 3657 Nicandro

637 3714 776 3757 non
823 3698 960 3757 tam
1019 3713 1166 3757 esse
1224 3693 1475 3758 similes
1534 3716 1732 3780 quam
1785 3695 2000 3762 voluit
2054 3696 2273 3761 Bethe
2329 3696 2811 3777 demonstravi,
2868 3705 3096 3764 tamen

639 3800 926 3865 alterum
991 3800 1160 3865 illud
1225 3801 1471 3866 Bethei
1538 3803 1886 3869 decretum
1950 3820 2089 3869 non
2155 3804 2461 3883 labefeci,
2535 3828 2667 3891 quo
2730 3828 2871 3871 non
2937 3828 3099 3871 casu

641 3914 958 3992 quattuor
990 3907 1254 3973 fabulas
1287 3908 1359 3972 in
1394 3909 1622 3975 Ovidii
1653 3917 1838 3975 mett.
1874 3911 1940 3975 V
1973 3917 2040 3975 et
2074 3912 2346 3977 easdem
2391 3912 2462 3978 in
2502 3913 2827 3978 Nicandri
2859 3919 3009 4003 ἑτερ.
3039 3912 3097 3982 δ’

641 4021 869 4080 extare
902 4016 1361 4082 contenderet.
1438 4016 1635 4081 Certe
1670 4017 1955 4083 Ovidius
1991 4019 2118 4084 hac
2161 4019 2235 4083 in
2267 4042 2340 4084 re
2371 4019 2670 4085 imitatus
2717 4029 2823 4086 est
2853 4021 3096 4086 Nican-

640 4123 855 4189 drum.
928 4122 1073 4188 Nec
1118 4145 1283 4189 vero
1330 4130 1550 4191 totum
1585 4124 1849 4190 Cereris
1897 4124 2282 4191 fabularum
2330 4127 2599 4213 cyclum
2646 4151 2730 4193 ex
2771 4127 3097 4192 Nicandri

638 4234 789 4320 ἑτερ.
825 4229 881 4299 δ’
915 4231 1270 4297 mutuavit.
1321 4231 1662 4298 Nicander
1693 4255 1879 4312 ver0,
1930 4233 1986 4297 si
2033 4233 2102 4298 in
2136 4239 2289 4323 ἑτερ.
2325 4233 2382 4303 δ’
2414 4234 2706 4301 Nasonis
2754 4241 3097 4301 certamen

637 4338 1049 4423 protulisset,
1096 4337 1215 4404 vix
1263 4338 1409 4403 aliis
1440 4338 1689 4404 fabulis
1724 4339 2017 4425 spatium
2062 4340 2134 4405 in
2182 4342 2422 4408 eodem
2467 4342 2639 4408 libro
2689 4342 3092 4429 reliquisset.

635 4443 864 4510 Nihilo
919 4467 1084 4510 vero
1140 4446 1365 4510 minus
1420 4453 1558 4510 tres
1617 4454 1883 4511 tantum
1938 4444 2266 4513 Nicandri
2329 4448 2600 4515 fabulae
2666 4450 3097 4536 reperiuntur

637 4551 709 4616 in
775 4551 1002 4617 Ovidii
1047 4559 1233 4616 mett.
1283 4551 1368 4629 V,
1438 4560 1696 4616 restant
1749 4554 2104 4620 Antonino
2168 4561 2343 4619 teste
2405 4578 2545 4621 non
2602 4556 2830 4622 nimus
2896 4578 3097 4643 quam

640 4658 937 4744 quinque
985 4658 1274 4737 fabulae,
1326 4681 1497 4745 quae
1546 4682 1780 4726 omnes
1829 4661 1914 4726 ad
1960 4661 2187 4727 Ovidii
2238 4672 2576 4730 certamen
2624 4663 2902 4732 minime
2947 4686 3096 4733 ver-
