3534 5242
1554 1119 1785 1260 Vita.

654 1390 845 1448 Natus
892 1408 1025 1447 sum
1071 1391 1398 1447 Fridericus
1444 1392 1812 1449 Arthurus
1861 1394 2185 1449 Laudien
2234 1412 2283 1448 a.
2324 1394 2378 1448 d.
2416 1394 2544 1450 XV.
2583 1393 2714 1447 Kal.
2754 1394 2893 1448 Dec.

443 1483 581 1536 anni
606 1472 1128 1536 MDCOOLXXXI
1151 1483 1211 1535 in
1240 1481 1452 1553 oppido
1479 1483 1792 1538 Borussiae
1820 1485 2135 1551 orientaIiS,
2163 1485 2257 1538 cui
2292 1500 2509 1539 nomen
2536 1488 2628 1538 est
2652 1483 2896 1537 Bai-ten·

442 1573 613 1638 stein,
649 1576 814 1643 patre
853 1571 1130 1642 Augusto
1168 1576 1352 1626 matre
1391 1571 1599 1625 Emma
1645 1571 1717 1626 de
1763 1579 1946 1644 gente
1993 1572 2373 1640 Sakolowski,
2413 1589 2659 1645 quorum
2705 1571 2896 1626 adhuc

442 1662 824 1732 superstitum
860 1660 1023 1713 fruor
1059 1677 1271 1714 amore.
1328 1660 1532 1714 Fidem
1570 1660 1859 1716 confiteor
1895 1662 2313 1733 evangelicam.
2369 1662 2578 1717 Primis
2614 1663 2895 1734 pueritiae

441 1750 759 1822 disciplinis
795 1750 856 1802 in
895 1749 1095 1804 schola
1130 1749 1378 1819 publica,
1419 1751 1512 1803 cui
1549 1755 1716 1822 pater
1740 1756 2023 1821 praeerat,
2050 1751 2326 1818 imbutus,
2354 1750 2491 1805 inde
2518 1769 2553 1805 a
2576 1767 2716 1806 vere
2756 1751 2895 1804 anni

440 1838 843 1895 MDOOCXOI
901 1841 1278 1912 gymnasium
1333 1841 1561 1911 regium
1618 1840 1814 1912 oppidi
1868 1841 2037 1912 patrii
2092 1841 2478 1912 frequentavi.
2553 1840 2705 1897 Vere
2757 1840 2895 1894 anni

440 1929 661 1984 MIDOD
688 1930 1048 1984 maturitatis
1073 1930 1413 1984 testimonio
1452 1922 1776 1985 instructus
1802 1931 2245 2002 Regimontium
2269 1931 2518 2002 migravi
2541 1929 2894 2002 philologiae

442 2019 718 2074 classicae
757 2036 993 2090 operam
1031 2018 1291 2075 daturus.
1367 2021 1513 2074 Post
1550 2021 1859 2092 quinquies
1897 2037 2073 2076 senos
2119 2037 2354 2076 menses
2399 2021 2612 2074 almam
2649 2024 2895 2074 matrem

441 2108 865 2180 Gryphiensem
912 2107 1043 2176 adii,
1083 2110 1248 2164 cuius
1295 2110 1450 2164 inter
1488 2111 1646 2164 cives
1684 2126 1872 2182 usque
1910 2109 1985 2164 ad
2021 2111 2177 2166 hunc
2202 2110 2357 2165 diem
2393 2110 2603 2166 studiis
2648 2109 2895 2181 philolo-

438 2199 585 2269 gieis
621 2197 875 2252 incubui.

653 2288 999 2342 Docuerunt
1036 2304 1130 2342 me
1166 2289 1277 2342 viri
1314 2287 1637 2344 doctissimi
1674 2289 2000 2361 Baumgart
2047 2289 2487 2362 Bezzenberger
2532 2289 2891 2343 Brinkmann

439 2376 629 2432 Busse
675 2376 962 2432 Ludwich
1017 2377 1167 2449 Jeep
1217 2397 1274 2432 v.
1293 2376 1581 2450 Negelein
1637 2379 1933 2434 Prellwitz
1988 2378 2271 2435 RoBbach
2326 2379 2552 2434 Schade
2607 2378 2892 2432 Tolkiehn

438 2465 665 2520 Walter
701 2465 1135 2538 Regimontani‚
1174 2467 1397 2522 Gercke
1437 2467 1623 2523 Korte
1660 2469 1831 2523 Kroll
1869 2469 2111 2524 Pernice
2158 2470 2420 2524 Rehmke
2470 2466 2894 2523 Reifferscheid

439 2554 746 2610 Schmekel
783 2556 1053 2629 Schuppe
1092 2556 1276 2611 Seeck
1313 2558 1727 2630 Gryphienses.

651 2644 742 2699 Ad
786 2646 1093 2700 seminaria
1120 2647 1687 2718 exercitationesque
1715 2648 2113 2719 epigraphicas
2139 2648 2521 2719 philologicas
2560 2647 2893 2702 archaeolo-

437 2734 599 2804 gicas
624 2736 987 2804 germanicas
1022 2736 1328 2791 historicas
1352 2737 1784 2808 philosophicas
1811 2736 2034 2791 aditum
2059 2737 2313 2808 benigne
2338 2738 2481 2791 mihi
2503 2738 2893 2809 permiserunt

439 2823 797 2877 Brinkmann
856 2824 1143 2880 Ludwich
1180 2827 1328 2898 Jeep
1385 2827 1608 2882 Gercke
1662 2827 1834 2881 Kroll
1888 2827 2076 2883 Korte
2131 2828 2372 2883 Pernice
2428 2825 2652 2881 Schade
2708 2826 2892 2881 Seeck

439 2912 727 2986 Schuppe.

652 3002 877 3070 Quibus
920 3005 1060 3060 viris
1118 3006 1388 3061 omnibus
1443 3008 1662 3078 gratias
1710 3013 1772 3062 et
1830 3025 1944 3079 ago
2002 3012 2064 3062 et
2117 3024 2347 3079 semper
2401 3007 2646 3075 habebo,
2709 3008 2891 3061 maxi-

436 3110 562 3147 mas
600 3110 740 3147 vero
778 3092 1025 3149 Gerckio
1069 3097 1429 3168 praeceptori
1464 3102 1746 3151 venerato
1776 3099 1874 3169 qui
1917 3098 2134 3169 insigni
2165 3097 2580 3153 benevolentia
2617 3103 2678 3152 et
2716 3115 2890 3170 opera

438 3186 499 3235 et
536 3182 781 3237 consilio
818 3184 879 3236 in
917 3184 1030 3238 hoc
1068 3185 1352 3256 opusculo
1391 3186 1812 3241 conscribendo
1851 3204 1945 3242 me
1982 3187 2223 3242 adiuvit.
