3534 5242
1670 287 2066 346 -4—

851 494 1023 562 Cum
1070 496 1196 561 Ed.
1235 495 1583 561 Schwartz
1631 518 1771 561 non
1822 501 2225 581 argumenta
2272 493 2499 560 omnia
2531 494 3098 581 comprobaverit,

632 612 862 670 tamen
896 611 1087 670 tanta
1119 605 1357 669 saltem
1393 603 1728 690 gravitate
1777 603 1957 667 illius
2005 602 2328 669 iudicium
2364 611 2485 681 est,
2521 610 2599 668 ut
2630 643 2716 653 —
2747 601 2905 667 licet
2938 624 3100 667 sane

633 713 763 777 hoc
835 711 1094 777 illudve
1161 710 1643 798 corrigendum
1712 710 1801 775 sit
1876 750 1964 759 —
2037 710 2110 775 in
2179 710 2576 776 universum
2647 710 2921 796 neglegi
2986 732 3100 775 ne-

635 826 854 904 queat.
955 818 1299 906 Imprimis
1373 818 1867 905 discrepantiae
1936 818 2113 883 inter
2169 818 2549 884 Diodorum
2606 818 3101 904 Hyginumque

631 925 794 993 hinc
868 934 936 992 et
1013 926 1201 993 illinc
1270 927 1768 1014 Apollodorum
1846 927 2254 993 constitutae
2327 927 2446 994 vix
2512 927 2824 1012 cuiquam
2901 931 3102 990 erunt

635 1033 1100 1120 abnegandae.

850 1140 1092 1227 Itaque
1131 1211 1133 1214 Α
1169 1164 1322 1208 cum
1401 1141 1471 1206 in
1553 1141 2061 1227 quaestionibus
2139 1141 2391 1208 nostris
2470 1162 2844 1207 consensus
2921 1140 3101 1205 inter

635 1246 957 1314 Ovidium
1024 1256 1091 1314 et
1136 1249 1516 1315 Diodorum
1581 1249 2032 1336 Hyginumve
2103 1249 2566 1315 invenerimus
2638 1257 2704 1314 et
2778 1271 2948 1335 quae
3015 1248 3098 1313 ab

633 1355 1055 1442 Apollodoro
1114 1356 1521 1443 discrepant,
1591 1356 1744 1421 fieri
1801 1357 1919 1422 vix
1977 1356 2244 1443 poterit,
2320 1356 2481 1443 quin
2541 1356 3099 1443 compendiorum

634 1464 1094 1531 evolutionem
1164 1487 1203 1530 a
1271 1464 1685 1530 Schwartzio
1760 1472 1944 1530 recte
2013 1463 2355 1549 cognitam
2428 1486 2577 1529 esse
2647 1465 3098 1530 concedamus

634 1571 998 1658 Ovidiique
1055 1572 1339 1651 fontem,
1413 1572 1663 1660 quippe
1736 1571 1853 1658 qui
1915 1595 2039 1659 pro
2097 1580 2477 1659 temporum
2545 1571 2763 1658 spatio
2827 1570 3101 1657 propior

632 1678 937 1746 Diodoro
1010 1703 1210 1766 quam
1257 1680 1687 1766 Apollodoro
1758 1680 1866 1758 sit,
1939 1680 2065 1745 sub
2130 1679 2322 1745 initio
2388 1679 2764 1744 litterarum
2834 1679 3099 1764 mytho-

633 1787 1047 1873 grapharum
1094 1809 1448 1874 ponamus,

849 1893 1268 1980 Quamquam
1301 1894 1593 1960 Kienzle
1640 1894 1787 1981 ipse
1836 1895 1920 1960 ad
1954 1894 2355 1981 Apollodori
2402 1893 2880 1960 bibliothecam
2930 1917 3097 1959 non-

631 2024 984 2088 nunquam
1054 2002 1412 2089 Hyginum
1484 2010 1550 2068 et
1618 2003 1999 2069 Diodorum
2071 2002 2452 2080 advocavit,
2520 2009 2746 2067 tamen
2818 2026 2899 2066 ex
2969 2003 3099 2067 hoc

633 2115 924 2194 utroque
970 2109 1272 2176 fructum
1317 2110 1434 2175 vix
1483 2110 1681 2197 cepit,
1731 2111 1889 2197 quia
1922 2110 2408 2197 discrepantias
2441 2111 2763 2197 neglexit.
2833 2110 3007 2175 Nam
3042 2108 3101 2175 si

632 2215 731 2281 in‘
754 2216 982 2308 Ovidii
1037 2217 1287 2283 fabulis
1335 2218 1582 2283 Atticis
1629 2219 2001 2284 tractandis
2058 2224 2421 2304 utrumque
2468 2218 2555 2283 ad
2601 2217 3098 2304 Apollodorum

631 2323 989 2403 attulisset,
1069 2325 1267 2390 facile
1343 2325 1811 2402 intellexisset,
1898 2333 2167 2412 poetam
2246 2348 2385 2391 non
2454 2334 2610 2408 ‚tam
2694 2324 3098 2412 Apollodori

631 2430 1107 2497 bibliothecam
1167 2455 1289 2499 suo
1348 2433 1624 2500 arbitrio
1672 2442 2123 2501 commutasse
2183 2456 2385 2520 quam
2442 2433 2821 2499 Diodorum
2880 2431 3097 2518 Hygi-

632 2560 936 2624 numque
984 2540 1485 2607 accuratissime
1534 2565 1682 2608 esse
1731 2549 2057 2608 secutum.
2152 2542 2442 2607 Kienzle
2490 2541 2669 2606 enim
2721 2563 2783 2627 p.
2833 2547 3097 2606 42—48

632 2647 1067 2714 multifariam
1135 2648 1447 2736 exposuit
1506 2650 1825 2716 Ovidium
1887 2649 2195 2736 quamvis
2253 2649 2326 2714 in
2385 2648 2630 2714 Thesei
2687 2655 2754 2713 et
2811 2646 3098 2712 Daedali

632 2754 898 2820 fabulas
954 2756 1318 2822 inseruerit
1375 2759 1618 2823 multas
1667 2758 1852 2837 alias,
1917 2781 2088 2845 quae
2134 2758 2206 2823 in
2253 2757 2702 2823 bibliothecae
2759 2753 3097 2841 prioribus

630 2861 797 2927 locis
848 2862 1151 2929 eiusdem
1200 2865 1424 2951 gentis
1467 2865 1927 2945 inveniantur,
1976 2873 2203 2931 tamen
2234 2865 2304 2930 in
2341 2865 2739 2930 universum
2787 2869 3094 2927 secutum

634 2990 783 3034 esse
843 2971 1322 3057 compendium
1377 2971 1567 3038 illud.
1662 2972 1891 3039 Unam
1954 2994 2119 3038 vero
2169 2979 2234 3036 et
2283 2971 2753 3057 gravissimam
2804 2968 3096 3034 difficul-

631 3085 840 3143 tatem
887 3079 1332 3165 neglegenter
1378 3080 1750 3166 praeteriit:
1802 3087 2001 3167 poeta
2047 3103 2086 3145 a
2120 3081 2400 3145 Medeae
2431 3078 2680 3144 fabulis
2715 3078 2801 3143 ad
2831 3076 3095 3142 Atticas

632 3185 727 3250 ita
757 3185 1045 3265 transiit,
1095 3192 1169 3251 ut
1204 3171 1541 3252 Theseum
1574 3188 1884 3253 Athenas
1918 3187 2199 3253 rediisse
2240 3187 2404 3271 (VII
2437 3190 2598 3270 404)
2648 3186 2733 3250 ad
2782 3186 3094 3269 Aegeum

633 3298 892 3380 patrem
926 3295 1372 3380 Medeamque
1419 3318 1785 3362 novercam
1815 3302 2138 3360 narraret.
2213 3295 2548 3360 Nimirum
2584 3293 2680 3359 sic
2709 3293 2798 3384 ad
2831 3291 3096 3357 fabulas

634 3401 895 3467 Atticas
928 3424 1203 3469 reverso
1238 3411 1480 3490 poetae
1511 3404 1891 3469 narrandae
1925 3404 2204 3468 fuerunt
2237 3425 2344 3468 res
2379 3425 2416 3468 a
2451 3402 2713 3466 Theseo
2748 3399 3096 3465 Athenis

634 3515 866 3595 gestae
880 3532 895 3589 ;
945 3510 1157 3577 nihilo
1205 3533 1368 3578 vero
1416 3511 1641 3576 minus
1690 3532 1907 3597 usque
1940 3512 2026 3576 ad
2057 3512 2100 3576 1.
2129 3510 2304 3576 VIII
2342 3519 2467 3578 168
2501 3508 2746 3574 Thesei
2780 3507 3096 3595 priores

635 3623 837 3702 atque
886 3617 1163 3684 omnino
1214 3617 1470 3711 priores
1504 3618 1767 3684 Atticas
1803 3618 2101 3684 reddidit
2132 3616 2417 3682 fabulas
2491 3615 2780 3680 Kienzle
2830 3622 3097 3702 poetam

635 3746 758 3790 sua
805 3732 1047 3811 sponte
1095 3726 1418 3802 volumen
1460 3725 1995 3812 Apollodoreum
2043 3726 2289 3790 iterum
2336 3732 2540 3810 atque
2586 3724 2833 3788 iterum
2881 3722 3097 3789 revol-

633 3840 908 3898 ventem
958 3833 1312 3920 collegisse
1361 3857 1440 3899 ea
1474 3856 1644 3919 quae
1679 3833 1809 3899 sibi
1839 3833 2238 3899 viderentur
2270 3839 2487 3918 putat,
2538 3831 2850 3916 equidem
2896 3853 3094 3916 nego.

851 3941 1137 4007 Ovidius
1197 3941 1444 4007 Thesei
1499 3963 1608 4006 res
1667 3949 1823 4007 ante
1883 3941 2175 4006 reditum
2223 3949 2451 4026 gestas
2501 3940 2798 4006 carmine
2846 3938 3099 4004 civium

634 4048 884 4115 festivo
933 4051 1261 4138 concepit.
1362 4051 1572 4130 „Item
1623 4057 1862 4137 poetae
1911 4049 2221 4128 varianti,
2292 4050 2405 4135 qui
2453 4072 2592 4114 non
2641 4047 2942 4114 omnium
3003 4048 3098 4113 fa-

633 4156 945 4222 bularum
1004 4158 1482 4245 compendium
1539 4180 1945 4244 componere
1994 4156 2122 4223 sibi
2168 4158 2618 4245 proposuerit,
2681 4156 2750 4221 id
2799 4156 3098 4221 tribuen-

635 4264 798 4330 dum
866 4271 986 4343 est,
1057 4268 1238 4353 quod
1295 4265 1641 4353 praeteriit
1695 4267 2009 4352 Aegeum
2068 4266 2309 4330 Medea
2370 4266 2700 4330 suadente
2760 4264 3097 4329 Theseum

634 4380 870 4439 contra
926 4373 1171 4441 bovem
1228 4374 1730 4441 Marathonium
1798 4373 2121 4452 emisisse,
2190 4373 2311 4439 sed
2376 4373 2577 4438 huius
2646 4373 3097 4460 expeditionis

631 4504 697 4548 v.
736 4489 866 4549 433
910 4503 961 4546 s,
1015 4483 1290 4548 demum
1334 4483 1514 4548 inter
1562 4481 1810 4547 Thesei
1857 4503 1962 4546 res
2010 4481 2368 4547 Isthmicas
2419 4481 2636 4547 obiter
2684 4481 3097 4547 mentionem

632 4588 857 4655 fecit.“
926 4588 1068 4654 Res
1116 4590 1213 4656 sic
1261 4612 1333 4655 se
1379 4590 1629 4655 habere
1676 4595 1921 4676 potest,
1969 4611 2098 4655 nec
2129 4610 2295 4655 vero
2342 4610 2622 4654 necesse
2670 4596 2789 4655 est.
2861 4589 3101 4655 Potest

634 4696 815 4765 enim
863 4719 1028 4762 usus
1077 4721 1225 4764 esse
1272 4697 1544 4764 indice
1592 4698 1906 4783 quodam,
1958 4719 2090 4783 quo
2141 4696 2385 4762 Thesei
2434 4698 2700 4763 labores
2749 4718 3098 4763 enumera-
