<?xml version="1.0" encoding="UTF-8"?>
<!DOCTYPE html PUBLIC "-//W3C//DTD XHTML 1.0 Transitional//EN"
    "http://www.w3.org/TR/xhtml1/DTD/xhtml1-transitional.dtd">
<html xmlns="http://www.w3.org/1999/xhtml" xml:lang="en" lang="en">
 <head>
  <title>
</title>
<meta http-equiv="Content-Type" content="text/html;charset=utf-8" />
  <meta name='ocr-system' content='tesseract 3.04.00' />
  <meta name='ocr-capabilities' content='ocr_page ocr_carea ocr_par ocr_line ocrx_word'/>
</head>
<body>
  <div class='ocr_page' id='page_1' title='image "./studiaovidianad00laudgoog_0021.png"; bbox 0 0 3534 5242; ppageno 0'>
   <div class='ocr_carea' id='block_1_1' title="bbox 1512 298 1956 355">
    <p class='ocr_par' dir='ltr' id='par_1_1' title="bbox 1512 298 1956 355">
     <span class='ocr_line' id='line_1_1' title="bbox 1512 298 1956 355; baseline 0.007 -22"><span class='ocrx_word' id='word_1_1' title='bbox 1512 298 1956 355; x_wconf 67' lang='lat'><strong>..„.13..-</strong></span> 
     </span>
    </p>
   </div>
   <div class='ocr_carea' id='block_1_2' title="bbox 501 502 3014 2310">
    <p class='ocr_par' dir='ltr' id='par_1_2' title="bbox 501 502 2971 914">
     <span class='ocr_line' id='line_1_2' title="bbox 501 502 2967 591; baseline 0.001 -22"><span class='ocrx_word' id='word_1_2' title='bbox 501 504 601 569; x_wconf 94' lang='lat' dir='ltr'>les</span> <span class='ocrx_word' id='word_1_3' title='bbox 664 511 732 570; x_wconf 89' lang='lat' dir='ltr'>et</span> <span class='ocrx_word' id='word_1_4' title='bbox 789 503 1142 590; x_wconf 89' lang='lat' dir='ltr'>utriusque</span> <span class='ocrx_word' id='word_1_5' title='bbox 1203 503 1431 590; x_wconf 90' lang='lat' dir='ltr'>stirpis</span> <span class='ocrx_word' id='word_1_6' title='bbox 1493 503 1683 569; x_wconf 90' lang='lat' dir='ltr'>velut</span> <span class='ocrx_word' id='word_1_7' title='bbox 1731 502 1952 590; x_wconf 91' lang='lat' dir='ltr'>capita</span> <span class='ocrx_word' id='word_1_8' title='bbox 1998 509 2469 569; x_wconf 87' lang='lat' dir='ltr'>tractarentur.</span> <span class='ocrx_word' id='word_1_9' title='bbox 2565 506 2722 570; x_wconf 91' lang='lat' dir='ltr'>Huc</span> <span class='ocrx_word' id='word_1_10' title='bbox 2769 527 2967 591; x_wconf 91' lang='lat' dir='ltr'>quam</span> 
     </span>
     <span class='ocr_line' id='line_1_3' title="bbox 504 609 2971 699; baseline 0 -22"><span class='ocrx_word' id='word_1_11' title='bbox 504 611 756 699; x_wconf 89' lang='lat' dir='ltr'>optime</span> <span class='ocrx_word' id='word_1_12' title='bbox 806 613 1142 697; x_wconf 77' lang='lat' dir='ltr'><strong>quadrant</strong></span> <span class='ocrx_word' id='word_1_13' title='bbox 1187 611 1457 676; x_wconf 84' lang='lat' dir='ltr'>fabulae</span> <span class='ocrx_word' id='word_1_14' title='bbox 1503 611 1965 688; x_wconf 82' lang='lat' dir='ltr'>DeucalioniS,</span> <span class='ocrx_word' id='word_1_15' title='bbox 2014 609 2355 698; x_wconf 83' lang='lat' dir='ltr'>CecropiS,</span> <span class='ocrx_word' id='word_1_16' title='bbox 2405 612 2795 699; x_wconf 77' lang='lat' dir='ltr'><strong>Aesculapii</strong></span> <span class='ocrx_word' id='word_1_17' title='bbox 2842 634 2971 677; x_wconf 93' lang='lat' dir='ltr'>nec</span> 
     </span>
     <span class='ocr_line' id='line_1_4' title="bbox 501 718 2969 809; baseline 0 -25"><span class='ocrx_word' id='word_1_18' title='bbox 501 742 641 785; x_wconf 93' lang='lat' dir='ltr'>non</span> <span class='ocrx_word' id='word_1_19' title='bbox 695 718 1165 798; x_wconf 81' lang='lat' dir='ltr'>PhaethontiS,</span> <span class='ocrx_word' id='word_1_20' title='bbox 1226 719 1341 804; x_wconf 91' lang='lat' dir='ltr'>qui</span> <span class='ocrx_word' id='word_1_21' title='bbox 1398 740 1632 784; x_wconf 91' lang='lat' dir='ltr'>omnes</span> <span class='ocrx_word' id='word_1_22' title='bbox 1691 724 1854 785; x_wconf 89' lang='lat' dir='ltr'>sunt</span> <span class='ocrx_word' id='word_1_23' title='bbox 1923 718 2281 809; x_wconf 23' lang='lat' dir='ltr'>principes·</span> <span class='ocrx_word' id='word_1_24' title='bbox 2337 720 2448 785; x_wconf 86' lang='lat' dir='ltr'>vel</span> <span class='ocrx_word' id='word_1_25' title='bbox 2517 720 2969 805; x_wconf 75' lang='lat' dir='ltr'>antiquissimi</span> 
     </span>
     <span class='ocr_line' id='line_1_5' title="bbox 503 826 1498 914; baseline -0.002 -23"><span class='ocrx_word' id='word_1_26' title='bbox 503 826 824 914; x_wconf 89' lang='lat' dir='ltr'>stirpium·</span> <span class='ocrx_word' id='word_1_27' title='bbox 864 826 1498 913; x_wconf 91' lang='lat' dir='ltr'>Apollodorearum.</span> 
     </span>
    </p>

    <p class='ocr_par' dir='ltr' id='par_1_3' title="bbox 504 932 2971 1236">
     <span class='ocr_line' id='line_1_6' title="bbox 718 932 2969 1020; baseline 0 -21"><span class='ocrx_word' id='word_1_28' title='bbox 718 935 822 999; x_wconf 81' lang='lat' dir='ltr'>Ex</span> <span class='ocrx_word' id='word_1_29' title='bbox 893 934 1160 1000; x_wconf 81' lang='lat' dir='ltr'>duobus</span> <span class='ocrx_word' id='word_1_30' title='bbox 1232 955 1395 1019; x_wconf 89' lang='lat' dir='ltr'>ergo</span> <span class='ocrx_word' id='word_1_31' title='bbox 1466 932 1700 1019; x_wconf 92' lang='lat' dir='ltr'>primis</span> <span class='ocrx_word' id='word_1_32' title='bbox 1771 934 2410 1020; x_wconf 85' lang='lat' dir='ltr'>Metamorphoseon</span> <span class='ocrx_word' id='word_1_33' title='bbox 2485 935 2675 1001; x_wconf 91' lang='lat' dir='ltr'>libris</span> <span class='ocrx_word' id='word_1_34' title='bbox 2747 936 2969 1001; x_wconf 92' lang='lat' dir='ltr'>elucet</span> 
     </span>
     <span class='ocr_line' id='line_1_7' title="bbox 504 1040 2971 1128; baseline 0 -21"><span class='ocrx_word' id='word_1_35' title='bbox 504 1041 860 1128; x_wconf 84' lang='lat' dir='ltr'>dispositio</span> <span class='ocrx_word' id='word_1_36' title='bbox 928 1042 1260 1127; x_wconf 83' lang='lat' dir='ltr'>quaedam</span> <span class='ocrx_word' id='word_1_37' title='bbox 1327 1040 1890 1126; x_wconf 76' lang='lat' dir='ltr'>synchronistica.</span> <span class='ocrx_word' id='word_1_38' title='bbox 1985 1042 2136 1107; x_wconf 91' lang='lat' dir='ltr'>Hoc</span> <span class='ocrx_word' id='word_1_39' title='bbox 2189 1041 2373 1107; x_wconf 92' lang='lat' dir='ltr'>idem</span> <span class='ocrx_word' id='word_1_40' title='bbox 2432 1044 2810 1108; x_wconf 89' lang='lat' dir='ltr'>notandum</span> <span class='ocrx_word' id='word_1_41' title='bbox 2868 1050 2971 1108; x_wconf 92' lang='lat' dir='ltr'>est</span> 
     </span>
     <span class='ocr_line' id='line_1_8' title="bbox 505 1148 2315 1236; baseline 0.001 -22"><span class='ocrx_word' id='word_1_42' title='bbox 505 1150 590 1214; x_wconf 95' lang='lat' dir='ltr'>de</span> <span class='ocrx_word' id='word_1_43' title='bbox 638 1150 951 1235; x_wconf 85' lang='lat' dir='ltr'>Dionyso</span> <span class='ocrx_word' id='word_1_44' title='bbox 998 1149 1386 1235; x_wconf 86' lang='lat' dir='ltr'>Perseoque</span> <span class='ocrx_word' id='word_1_45' title='bbox 1435 1155 1502 1213; x_wconf 90' lang='lat' dir='ltr'>et</span> <span class='ocrx_word' id='word_1_46' title='bbox 1550 1148 1815 1214; x_wconf 86' lang='lat' dir='ltr'>Theseo</span> <span class='ocrx_word' id='word_1_47' title='bbox 1862 1150 2315 1236; x_wconf 90' lang='lat' dir='ltr'>Herculeque.</span> 
     </span>
    </p>

    <p class='ocr_par' dir='ltr' id='par_1_4' title="bbox 505 1256 3014 1773">
     <span class='ocr_line' id='line_1_9' title="bbox 720 1256 2969 1346; baseline 0 -24"><span class='ocrx_word' id='word_1_48' title='bbox 720 1258 836 1346; x_wconf 84' lang='lat' dir='ltr'>Ad</span> <span class='ocrx_word' id='word_1_49' title='bbox 915 1256 1320 1322; x_wconf 70' lang='lat' dir='ltr'>sententiam</span> <span class='ocrx_word' id='word_1_50' title='bbox 1399 1279 1616 1321; x_wconf 90' lang='lat' dir='ltr'>meam</span> <span class='ocrx_word' id='word_1_51' title='bbox 1712 1256 2187 1335; x_wconf 78' lang='lat' dir='ltr'>stabiliendam</span> <span class='ocrx_word' id='word_1_52' title='bbox 2266 1258 2548 1323; x_wconf 80' lang='lat' dir='ltr'>afferam</span> <span class='ocrx_word' id='word_1_53' title='bbox 2631 1258 2969 1336; x_wconf 81' lang='lat' dir='ltr'>Eusebii</span> 
     </span>
     <span class='ocr_line' id='line_1_10' title="bbox 505 1359 2972 1449; baseline 0 -19"><span class='ocrx_word' id='word_1_54' title='bbox 505 1359 1106 1430; x_wconf 81' lang='lat' dir='ltr'>Chronicorum</span> <span class='ocrx_word' id='word_1_55' title='bbox 1155 1386 1502 1430; x_wconf 89' lang='lat' dir='ltr'>canones</span> <span class='ocrx_word' id='word_1_56' title='bbox 1551 1364 1709 1443; x_wconf 89' lang='lat' dir='ltr'>(vol.</span> <span class='ocrx_word' id='word_1_57' title='bbox 1759 1364 1832 1427; x_wconf 89' lang='lat' dir='ltr'>II</span> <span class='ocrx_word' id='word_1_58' title='bbox 1880 1365 1983 1428; x_wconf 91' lang='lat' dir='ltr'>ed.</span> <span class='ocrx_word' id='word_1_59' title='bbox 2022 1363 2381 1449; x_wconf 86' lang='lat' dir='ltr'>Schoene).</span> <span class='ocrx_word' id='word_1_60' title='bbox 2456 1366 2790 1431; x_wconf 85' lang='lat' dir='ltr'>Nimirum</span> <span class='ocrx_word' id='word_1_61' title='bbox 2833 1367 2972 1431; x_wconf 92' lang='lat' dir='ltr'>illic</span> 
     </span>
     <span class='ocr_line' id='line_1_11' title="bbox 505 1472 2971 1559; baseline 0.001 -22"><span class='ocrx_word' id='word_1_62' title='bbox 505 1496 617 1559; x_wconf 88' lang='lat' dir='ltr'>pp.</span> <span class='ocrx_word' id='word_1_63' title='bbox 659 1481 917 1540; x_wconf 86' lang='lat'>13—30</span> <span class='ocrx_word' id='word_1_64' title='bbox 966 1473 1221 1538; x_wconf 89' lang='lat' dir='ltr'>mentio</span> <span class='ocrx_word' id='word_1_65' title='bbox 1268 1472 1353 1536; x_wconf 85' lang='lat' dir='ltr'>fit</span> <span class='ocrx_word' id='word_1_66' title='bbox 1398 1472 1634 1538; x_wconf 83' lang='lat' dir='ltr'>Inachi</span> <span class='ocrx_word' id='word_1_67' title='bbox 1665 1472 1912 1555; x_wconf 89' lang='lat' dir='ltr'>Apidis</span> <span class='ocrx_word' id='word_1_68' title='bbox 1945 1474 2286 1539; x_wconf 89' lang='lat' dir='ltr'>Phoronei</span> <span class='ocrx_word' id='word_1_69' title='bbox 2317 1474 2704 1539; x_wconf 86' lang='lat' dir='ltr'>Promethei</span> <span class='ocrx_word' id='word_1_70' title='bbox 2736 1475 2971 1540; x_wconf 89' lang='lat' dir='ltr'>Aethi-</span> 
     </span>
     <span class='ocr_line' id='line_1_12' title="bbox 506 1579 3014 1667; baseline 0 -22"><span class='ocrx_word' id='word_1_71' title='bbox 506 1602 710 1667; x_wconf 91' lang='lat' dir='ltr'>opum</span> <span class='ocrx_word' id='word_1_72' title='bbox 782 1579 1101 1667; x_wconf 85' lang='lat' dir='ltr'>Cecropis</span> <span class='ocrx_word' id='word_1_73' title='bbox 1159 1581 1583 1645; x_wconf 86' lang='lat' dir='ltr'>Athenarum</span> <span class='ocrx_word' id='word_1_74' title='bbox 1643 1579 2080 1645; x_wconf 86' lang='lat' dir='ltr'>Deucalionis</span> <span class='ocrx_word' id='word_1_75' title='bbox 2124 1581 2610 1661; x_wconf 29' lang='lat' dir='ltr'>,Phaethontia</span> <span class='ocrx_word' id='word_1_76' title='bbox 2684 1582 2799 1667; x_wconf 92' lang='lat' dir='ltr'>qui</span> <span class='ocrx_word' id='word_1_77' title='bbox 2869 1590 2973 1647; x_wconf 93' lang='lat' dir='ltr'>est</span> <span class='ocrx_word' id='word_1_78' title='bbox 3001 1581 3014 1593; x_wconf 85' lang='grc'><em>“</em></span> 
     </span>
     <span class='ocr_line' id='line_1_13' title="bbox 506 1687 1690 1773; baseline 0.003 -21"><span class='ocrx_word' id='word_1_79' title='bbox 506 1687 933 1773; x_wconf 84' lang='lat' dir='ltr'>Aethiopiae,</span> <span class='ocrx_word' id='word_1_80' title='bbox 981 1687 1270 1753; x_wconf 90' lang='lat' dir='ltr'>Arcadis</span> <span class='ocrx_word' id='word_1_81' title='bbox 1318 1687 1690 1772; x_wconf 82' lang='lat' dir='ltr'>Apollinis:</span> 
     </span>
    </p>

    <p class='ocr_par' dir='ltr' id='par_1_5' title="bbox 504 1794 2974 2310">
     <span class='ocr_line' id='line_1_14' title="bbox 690 1794 2971 1890; baseline 0 -31"><span class='ocrx_word' id='word_1_82' title='bbox 690 1818 831 1890; x_wconf 32' lang='lat' dir='ltr'>‚pp.</span> <span class='ocrx_word' id='word_1_83' title='bbox 882 1803 1147 1862; x_wconf 84' lang='lat'>32—44</span> <span class='ocrx_word' id='word_1_84' title='bbox 1193 1794 1554 1860; x_wconf 92' lang='lat' dir='ltr'>Phoenicis</span> <span class='ocrx_word' id='word_1_85' title='bbox 1596 1794 1836 1859; x_wconf 87' lang='lat' dir='ltr'>Cadmi</span> <span class='ocrx_word' id='word_1_86' title='bbox 1867 1795 2181 1882; x_wconf 82' lang='lat' dir='ltr'>Europae</span> <span class='ocrx_word' id='word_1_87' title='bbox 2230 1795 2497 1879; x_wconf 83' lang='lat' dir='ltr'>(Cretae</span> <span class='ocrx_word' id='word_1_88' title='bbox 2529 1795 2804 1881; x_wconf 92' lang='lat' dir='ltr'>Minois)</span> <span class='ocrx_word' id='word_1_89' title='bbox 2855 1795 2971 1860; x_wconf 88' lang='lat' dir='ltr'>Se-</span> 
     </span>
     <span class='ocr_line' id='line_1_15' title="bbox 504 1902 2974 1993; baseline 0.002 -26"><span class='ocrx_word' id='word_1_90' title='bbox 504 1903 713 1967; x_wconf 87' lang='lat' dir='ltr'>meles</span> <span class='ocrx_word' id='word_1_91' title='bbox 775 1903 1071 1987; x_wconf 88' lang='lat' dir='ltr'>Dionysi</span> <span class='ocrx_word' id='word_1_92' title='bbox 1124 1902 1569 1988; x_wconf 90' lang='lat' dir='ltr'>Dactylorum</span> <span class='ocrx_word' id='word_1_93' title='bbox 1630 1907 1702 1969; x_wconf 84' lang='grc' dir='ltr'>τὰ</span> <span class='ocrx_word' id='word_1_94' title='bbox 1758 1907 1912 1969; x_wconf 79' lang='grc' dir='ltr'><em>κατὰ</em></span> <span class='ocrx_word' id='word_1_95' title='bbox 1960 1906 2276 1993; x_wconf 75' lang='grc' dir='ltr'><em>Δήμητραν</em></span> <span class='ocrx_word' id='word_1_96' title='bbox 2327 1953 2339 1966; x_wconf 93' lang='grc'><strong>.</strong></span> <span class='ocrx_word' id='word_1_97' title='bbox 2381 1954 2393 1967; x_wconf 95' lang='grc'><strong>.</strong></span> <span class='ocrx_word' id='word_1_98' title='bbox 2433 1954 2445 1967; x_wconf 95' lang='grc'><strong>.</strong></span> <span class='ocrx_word' id='word_1_99' title='bbox 2483 1954 2496 1967; x_wconf 94' lang='grc'><strong>.</strong></span> <span class='ocrx_word' id='word_1_100' title='bbox 2556 1909 2654 1971; x_wconf 80' lang='grc' dir='ltr'>καὶ</span> <span class='ocrx_word' id='word_1_101' title='bbox 2710 1908 2783 1970; x_wconf 84' lang='grc' dir='ltr'>τὰ</span> <span class='ocrx_word' id='word_1_102' title='bbox 2841 1909 2974 1993; x_wconf 80' lang='grc' dir='ltr'><em>περὶ</em></span> 
     </span>
     <span class='ocr_line' id='line_1_16' title="bbox 507 2007 2972 2101; baseline -0.001 -24"><span class='ocrx_word' id='word_1_103' title='bbox 507 2014 766 2100; x_wconf 79' lang='grc' dir='ltr'><em>Δανάην,</em></span> <span class='ocrx_word' id='word_1_104' title='bbox 813 2013 887 2084; x_wconf 77' lang='grc' dir='ltr'>ἐξ</span> <span class='ocrx_word' id='word_1_105' title='bbox 913 2013 986 2101; x_wconf 81' lang='grc' dir='ltr'>ἧς</span> <span class='ocrx_word' id='word_1_106' title='bbox 1021 2016 1055 2076; x_wconf 79' lang='grc' dir='ltr'><em>ὃ</em></span> <span class='ocrx_word' id='word_1_107' title='bbox 1085 2014 1373 2099; x_wconf 83' lang='grc' dir='ltr'><em>Περσεύς,</em></span> <span class='ocrx_word' id='word_1_108' title='bbox 1408 2010 1819 2075; x_wconf 89' lang='lat' dir='ltr'>Harmoniae</span> <span class='ocrx_word' id='word_1_109' title='bbox 1868 2009 2265 2096; x_wconf 84' lang='lat' dir='ltr'>Triptolemi</span> <span class='ocrx_word' id='word_1_110' title='bbox 2308 2009 2581 2096; x_wconf 90' lang='lat' dir='ltr'>Pelopis</span> <span class='ocrx_word' id='word_1_111' title='bbox 2616 2011 2901 2095; x_wconf 87' lang='lat' dir='ltr'>(Niobae</span> <span class='ocrx_word' id='word_1_112' title='bbox 2914 2007 2972 2096; x_wconf 68' lang='lat'>2)</span> 
     </span>
     <span class='ocr_line' id='line_1_17' title="bbox 505 2116 2970 2203; baseline 0 -22"><span class='ocrx_word' id='word_1_113' title='bbox 505 2117 766 2183; x_wconf 92' lang='lat' dir='ltr'>Boreae</span> <span class='ocrx_word' id='word_1_114' title='bbox 825 2125 892 2181; x_wconf 92' lang='lat' dir='ltr'>et</span> <span class='ocrx_word' id='word_1_115' title='bbox 949 2117 1298 2203; x_wconf 84' lang='lat' dir='ltr'>Orithyiae</span> <span class='ocrx_word' id='word_1_116' title='bbox 1353 2118 1652 2183; x_wconf 90' lang='lat' dir='ltr'>Procnes</span> <span class='ocrx_word' id='word_1_117' title='bbox 1720 2125 1787 2181; x_wconf 89' lang='lat' dir='ltr'>et</span> <span class='ocrx_word' id='word_1_118' title='bbox 1846 2116 2260 2182; x_wconf 90' lang='lat' dir='ltr'>Philomelae</span> <span class='ocrx_word' id='word_1_119' title='bbox 2334 2117 2600 2183; x_wconf 85' lang='lat' dir='ltr'>Tantali</span> <span class='ocrx_word' id='word_1_120' title='bbox 2670 2119 2970 2183; x_wconf 89' lang='lat' dir='ltr'>Latonae</span> 
     </span>
     <span class='ocr_line' id='line_1_18' title="bbox 504 2224 1809 2310; baseline 0 -21"><span class='ocrx_word' id='word_1_121' title='bbox 504 2224 754 2289; x_wconf 81' lang='lat' dir='ltr'>Acrisii</span> <span class='ocrx_word' id='word_1_122' title='bbox 799 2224 1047 2310; x_wconf 86' lang='lat' dir='ltr'>Pegasi</span> <span class='ocrx_word' id='word_1_123' title='bbox 1095 2224 1414 2310; x_wconf 92' lang='lat' dir='ltr'>Dionysii</span> <span class='ocrx_word' id='word_1_124' title='bbox 1457 2224 1809 2302; x_wconf 87' lang='lat' dir='ltr'>itinerum3</span> 
     </span>
    </p>
   </div>
   <div class='ocr_carea' id='block_1_3' title="bbox 720 2332 3078 2419">
    <p class='ocr_par' dir='ltr' id='par_1_6' title="bbox 720 2332 3078 2419">
     <span class='ocr_line' id='line_1_19' title="bbox 720 2332 3078 2419; baseline -0.003 -17"><span class='ocrx_word' id='word_1_125' title='bbox 720 2355 830 2419; x_wconf 89' lang='lat' dir='ltr'>pp.</span> <span class='ocrx_word' id='word_1_126' title='bbox 882 2340 1144 2400; x_wconf 85' lang='lat'>44—-52</span> <span class='ocrx_word' id='word_1_127' title='bbox 1196 2332 1280 2396; x_wconf 93' lang='lat' dir='ltr'>de</span> <span class='ocrx_word' id='word_1_128' title='bbox 1328 2333 1566 2417; x_wconf 89' lang='lat' dir='ltr'>Aegeo</span> <span class='ocrx_word' id='word_1_129' title='bbox 1612 2332 1919 2397; x_wconf 91' lang='lat' dir='ltr'>Daedalo</span> <span class='ocrx_word' id='word_1_130' title='bbox 1952 2333 2247 2398; x_wconf 91' lang='lat' dir='ltr'>Hercule</span> <span class='ocrx_word' id='word_1_131' title='bbox 2283 2332 2638 2398; x_wconf 83' lang='lat' dir='ltr'>Centauris</span> <span class='ocrx_word' id='word_1_132' title='bbox 2672 2332 2971 2418; x_wconf 88' lang='lat' dir='ltr'>Lapithi·</span> <span class='ocrx_word' id='word_1_133' title='bbox 3073 2337 3078 2342; x_wconf 79' lang='lat'>&#39;</span> 
     </span>
    </p>
   </div>
   <div class='ocr_carea' id='block_1_4' title="bbox 457 2439 2980 4467">
    <p class='ocr_par' dir='ltr' id='par_1_7' title="bbox 506 2439 2972 2633">
     <span class='ocr_line' id='line_1_20' title="bbox 506 2439 2972 2526; baseline 0 -20"><span class='ocrx_word' id='word_1_134' title='bbox 506 2441 771 2526; x_wconf 92' lang='lat' dir='ltr'>busque</span> <span class='ocrx_word' id='word_1_135' title='bbox 804 2441 1047 2505; x_wconf 87' lang='lat' dir='ltr'>Medea</span> <span class='ocrx_word' id='word_1_136' title='bbox 1077 2440 1382 2505; x_wconf 90' lang='lat' dir='ltr'>Daedalo</span> <span class='ocrx_word' id='word_1_137' title='bbox 1418 2439 1680 2505; x_wconf 82' lang='lat' dir='ltr'>Theseo</span> <span class='ocrx_word' id='word_1_138' title='bbox 1716 2440 2091 2526; x_wconf 87' lang='lat' dir='ltr'>Androgeo</span> <span class='ocrx_word' id='word_1_139' title='bbox 2134 2441 2519 2506; x_wconf 87' lang='lat' dir='ltr'>Minotauro</span> <span class='ocrx_word' id='word_1_140' title='bbox 2552 2441 2741 2526; x_wconf 86' lang='lat' dir='ltr'>Apro</span> <span class='ocrx_word' id='word_1_141' title='bbox 2777 2440 2972 2525; x_wconf 83' lang='lat' dir='ltr'>Caly·</span> 
     </span>
     <span class='ocr_line' id='line_1_21' title="bbox 507 2546 2336 2633; baseline -0.002 -19"><span class='ocrx_word' id='word_1_142' title='bbox 507 2548 712 2614; x_wconf 89' lang='lat' dir='ltr'>donio</span> <span class='ocrx_word' id='word_1_143' title='bbox 762 2548 988 2613; x_wconf 91' lang='lat' dir='ltr'>Minoe</span> <span class='ocrx_word' id='word_1_144' title='bbox 1035 2547 1106 2611; x_wconf 93' lang='lat' dir='ltr'>in</span> <span class='ocrx_word' id='word_1_145' title='bbox 1156 2546 1452 2612; x_wconf 86' lang='lat' dir='ltr'>Siciliam</span> <span class='ocrx_word' id='word_1_146' title='bbox 1500 2547 1806 2633; x_wconf 87' lang='lat' dir='ltr'>profecto</span> <span class='ocrx_word' id='word_1_147' title='bbox 1854 2547 2165 2613; x_wconf 90' lang='lat' dir='ltr'>Phaedra</span> <span class='ocrx_word' id='word_1_148' title='bbox 2212 2555 2336 2613; x_wconf 91' lang='lat' dir='ltr'>etc.</span> 
     </span>
    </p>

    <p class='ocr_par' dir='ltr' id='par_1_8' title="bbox 510 2655 2972 2830">
     <span class='ocr_line' id='line_1_22' title="bbox 718 2655 2972 2742; baseline 0 -22"><span class='ocrx_word' id='word_1_149' title='bbox 718 2678 783 2742; x_wconf 92' lang='lat' dir='ltr'>p.</span> <span class='ocrx_word' id='word_1_150' title='bbox 837 2665 918 2722; x_wconf 84' lang='grc'>52</span> <span class='ocrx_word' id='word_1_151' title='bbox 970 2677 1056 2720; x_wconf 88' lang='lat' dir='ltr'>ss.</span> <span class='ocrx_word' id='word_1_152' title='bbox 1163 2656 1247 2720; x_wconf 88' lang='lat' dir='ltr'>de</span> <span class='ocrx_word' id='word_1_153' title='bbox 1317 2655 1627 2722; x_wconf 88' lang='lat' dir='ltr'>Menelao</span> <span class='ocrx_word' id='word_1_154' title='bbox 1707 2657 2226 2741; x_wconf 85' lang='lat' dir='ltr'>Agamemnone</span> <span class='ocrx_word' id='word_1_155' title='bbox 2308 2655 2683 2742; x_wconf 88' lang='lat' dir='ltr'>ceterisque</span> <span class='ocrx_word' id='word_1_156' title='bbox 2770 2656 2972 2721; x_wconf 87' lang='lat' dir='ltr'>rebus</span> 
     </span>
     <span class='ocr_line' id='line_1_23' title="bbox 510 2764 838 2830; baseline 0 -1"><span class='ocrx_word' id='word_1_157' title='bbox 510 2764 838 2830; x_wconf 74' lang='lat' dir='ltr'>Troianis</span> 
     </span>
    </p>

    <p class='ocr_par' dir='ltr' id='par_1_9' title="bbox 457 2872 2980 4467">
     <span class='ocr_line' id='line_1_24' title="bbox 724 2872 2973 2958; baseline -0.001 -20"><span class='ocrx_word' id='word_1_158' title='bbox 724 2873 1061 2938; x_wconf 82' lang='lat' dir='ltr'>Eusebius</span> <span class='ocrx_word' id='word_1_159' title='bbox 1110 2895 1183 2938; x_wconf 93' lang='lat' dir='ltr'>se</span> <span class='ocrx_word' id='word_1_160' title='bbox 1230 2873 1536 2939; x_wconf 89' lang='lat' dir='ltr'>hausisse</span> <span class='ocrx_word' id='word_1_161' title='bbox 1594 2896 1676 2938; x_wconf 78' lang='lat' dir='ltr'>ex</span> <span class='ocrx_word' id='word_1_162' title='bbox 1726 2872 2092 2939; x_wconf 84' lang='lat' dir='ltr'>Castoris</span> <span class='ocrx_word' id='word_1_163' title='bbox 2139 2872 2437 2937; x_wconf 87' lang='lat' dir='ltr'>historiis</span> <span class='ocrx_word' id='word_1_164' title='bbox 2487 2894 2973 2958; x_wconf 90' lang='lat' dir='ltr'>saepenumero</span> 
     </span>
     <span class='ocr_line' id='line_1_25' title="bbox 508 2978 2972 3066; baseline -0.001 -19"><span class='ocrx_word' id='word_1_165' title='bbox 508 2981 893 3047; x_wconf 84' lang='lat' dir='ltr'>confitetur.</span> <span class='ocrx_word' id='word_1_166' title='bbox 988 2981 1075 3045; x_wconf 81' lang='lat' dir='ltr'>Et</span> <span class='ocrx_word' id='word_1_167' title='bbox 1134 3004 1217 3046; x_wconf 84' lang='lat' dir='ltr'>ex</span> <span class='ocrx_word' id='word_1_168' title='bbox 1276 2980 1609 3045; x_wconf 90' lang='lat' dir='ltr'>eiusmodi</span> <span class='ocrx_word' id='word_1_169' title='bbox 1672 2980 2007 3046; x_wconf 89' lang='lat' dir='ltr'>chronicis</span> <span class='ocrx_word' id='word_1_170' title='bbox 2066 2978 2542 3066; x_wconf 91' lang='lat' dir='ltr'>compendium</span> <span class='ocrx_word' id='word_1_171' title='bbox 2594 2979 2677 3044; x_wconf 92' lang='lat' dir='ltr'>ab</span> <span class='ocrx_word' id='word_1_172' title='bbox 2727 2979 2972 3045; x_wconf 89' lang='lat' dir='ltr'>Ovidio</span> 
     </span>
     <span class='ocr_line' id='line_1_26' title="bbox 508 3085 2972 3175; baseline -0.002 -21"><span class='ocrx_word' id='word_1_173' title='bbox 508 3088 885 3154; x_wconf 87' lang='lat' dir='ltr'>adhibitum</span> <span class='ocrx_word' id='word_1_174' title='bbox 956 3088 1276 3154; x_wconf 88' lang='lat' dir='ltr'>videlicet</span> <span class='ocrx_word' id='word_1_175' title='bbox 1343 3089 1615 3175; x_wconf 87' lang='lat' dir='ltr'>pendet.</span> <span class='ocrx_word' id='word_1_176' title='bbox 1713 3087 1985 3153; x_wconf 87' lang='lat' dir='ltr'>Scilicet</span> <span class='ocrx_word' id='word_1_177' title='bbox 2055 3109 2194 3152; x_wconf 94' lang='lat' dir='ltr'>non</span> <span class='ocrx_word' id='word_1_178' title='bbox 2265 3109 2499 3153; x_wconf 90' lang='lat' dir='ltr'>omnes</span> <span class='ocrx_word' id='word_1_179' title='bbox 2571 3085 2972 3172; x_wconf 89' lang='lat' dir='ltr'>singultates</span> 
     </span>
     <span class='ocr_line' id='line_1_27' title="bbox 509 3194 2972 3283; baseline -0.001 -22"><span class='ocrx_word' id='word_1_180' title='bbox 509 3206 669 3261; x_wconf 87' lang='lat' dir='ltr'>sunt</span> <span class='ocrx_word' id='word_1_181' title='bbox 725 3196 1175 3283; x_wconf 89' lang='lat' dir='ltr'>synchronice</span> <span class='ocrx_word' id='word_1_182' title='bbox 1237 3195 1624 3282; x_wconf 86' lang='lat' dir='ltr'>dispositae,</span> <span class='ocrx_word' id='word_1_183' title='bbox 1697 3195 1820 3259; x_wconf 93' lang='lat' dir='ltr'>sed</span> <span class='ocrx_word' id='word_1_184' title='bbox 1888 3217 2351 3280; x_wconf 91' lang='lat' dir='ltr'>quaecumque</span> <span class='ocrx_word' id='word_1_185' title='bbox 2417 3194 2741 3280; x_wconf 88' lang='lat' dir='ltr'>coniungi</span> <span class='ocrx_word' id='word_1_186' title='bbox 2791 3201 2972 3280; x_wconf 89' lang='lat' dir='ltr'>pote-</span> 
     </span>
     <span class='ocr_line' id='line_1_28' title="bbox 457 3302 2974 3388; baseline -0.001 -20"><span class='ocrx_word' id='word_1_187' title='bbox 457 3353 461 3358; x_wconf 81' lang='lat'><em>.</em></span> <span class='ocrx_word' id='word_1_188' title='bbox 510 3313 682 3382; x_wconf 90' lang='lat' dir='ltr'>rant,</span> <span class='ocrx_word' id='word_1_189' title='bbox 752 3313 912 3370; x_wconf 87' lang='lat' dir='ltr'>sunt</span> <span class='ocrx_word' id='word_1_190' title='bbox 975 3304 1355 3381; x_wconf 93' lang='lat' dir='ltr'>coniuncta,</span> <span class='ocrx_word' id='word_1_191' title='bbox 1427 3303 1522 3368; x_wconf 90' lang='lat' dir='ltr'>ita</span> <span class='ocrx_word' id='word_1_192' title='bbox 1591 3314 1666 3367; x_wconf 88' lang='lat' dir='ltr'>ut</span> <span class='ocrx_word' id='word_1_193' title='bbox 1729 3310 2083 3368; x_wconf 89' lang='lat' dir='ltr'>orerentur</span> <span class='ocrx_word' id='word_1_194' title='bbox 2146 3302 2526 3388; x_wconf 89' lang='lat' dir='ltr'>complures</span> <span class='ocrx_word' id='word_1_195' title='bbox 2590 3302 2974 3367; x_wconf 85' lang='lat' dir='ltr'>fabularum</span> 
     </span>
     <span class='ocr_line' id='line_1_29' title="bbox 510 3409 2973 3499; baseline -0 -23"><span class='ocrx_word' id='word_1_196' title='bbox 510 3411 705 3497; x_wconf 86' lang='lat' dir='ltr'>cycli,</span> <span class='ocrx_word' id='word_1_197' title='bbox 757 3413 872 3497; x_wconf 91' lang='lat' dir='ltr'>qui</span> <span class='ocrx_word' id='word_1_198' title='bbox 919 3413 1156 3478; x_wconf 86' lang='lat' dir='ltr'>ordine</span> <span class='ocrx_word' id='word_1_199' title='bbox 1213 3413 1363 3499; x_wconf 91' lang='lat' dir='ltr'>ipso</span> <span class='ocrx_word' id='word_1_200' title='bbox 1414 3411 1655 3497; x_wconf 90' lang='lat' dir='ltr'>prioris</span> <span class='ocrx_word' id='word_1_201' title='bbox 1726 3410 1907 3475; x_wconf 92' lang='lat' dir='ltr'>illius</span> <span class='ocrx_word' id='word_1_202' title='bbox 1956 3410 2419 3497; x_wconf 85' lang='lat' dir='ltr'>dispositionis</span> <span class='ocrx_word' id='word_1_203' title='bbox 2466 3409 2757 3495; x_wconf 85' lang='lat' dir='ltr'>vestigia</span> <span class='ocrx_word' id='word_1_204' title='bbox 2812 3433 2973 3496; x_wconf 88' lang='lat' dir='ltr'>prae</span> 
     </span>
     <span class='ocr_line' id='line_1_30' title="bbox 511 3516 2973 3606; baseline 0 -24"><span class='ocrx_word' id='word_1_205' title='bbox 511 3540 583 3582; x_wconf 91' lang='lat' dir='ltr'>se</span> <span class='ocrx_word' id='word_1_206' title='bbox 631 3518 905 3583; x_wconf 84' lang='lat' dir='ltr'>ferrent.</span> <span class='ocrx_word' id='word_1_207' title='bbox 1003 3521 1217 3599; x_wconf 80' lang='lat' dir='ltr'>Quam</span> <span class='ocrx_word' id='word_1_208' title='bbox 1274 3518 1527 3606; x_wconf 91' lang='lat' dir='ltr'>optime</span> <span class='ocrx_word' id='word_1_209' title='bbox 1586 3519 1706 3582; x_wconf 91' lang='lat' dir='ltr'>has</span> <span class='ocrx_word' id='word_1_210' title='bbox 1765 3516 2200 3583; x_wconf 91' lang='lat' dir='ltr'>condiciones</span> <span class='ocrx_word' id='word_1_211' title='bbox 2258 3517 2815 3604; x_wconf 90' lang='lat' dir='ltr'>compendiorum</span> <span class='ocrx_word' id='word_1_212' title='bbox 2874 3517 2973 3582; x_wconf 92' lang='lat' dir='ltr'>in-</span> 
     </span>
     <span class='ocr_line' id='line_1_31' title="bbox 509 3624 2977 3715; baseline 0.001 -23"><span class='ocrx_word' id='word_1_213' title='bbox 509 3626 824 3692; x_wconf 87' lang='lat' dir='ltr'>venimus</span> <span class='ocrx_word' id='word_1_214' title='bbox 890 3627 960 3690; x_wconf 90' lang='lat' dir='ltr'>in</span> <span class='ocrx_word' id='word_1_215' title='bbox 1020 3627 1300 3714; x_wconf 83' lang='lat' dir='ltr'>Georgii</span> <span class='ocrx_word' id='word_1_216' title='bbox 1354 3625 1650 3712; x_wconf 87' lang='lat' dir='ltr'>Syncell.</span> <span class='ocrx_word' id='word_1_217' title='bbox 1701 3625 1836 3690; x_wconf 90' lang='lat' dir='ltr'>vol.</span> <span class='ocrx_word' id='word_1_218' title='bbox 1874 3625 1909 3688; x_wconf 85' lang='lat'>1</span> <span class='ocrx_word' id='word_1_219' title='bbox 1943 3648 2005 3711; x_wconf 91' lang='lat' dir='ltr'>p.</span> <span class='ocrx_word' id='word_1_220' title='bbox 2055 3633 2177 3692; x_wconf 91' lang='grc'>120</span> <span class='ocrx_word' id='word_1_221' title='bbox 2228 3625 2363 3709; x_wconf 90' lang='lat' dir='ltr'>(ed.</span> <span class='ocrx_word' id='word_1_222' title='bbox 2397 3624 2666 3710; x_wconf 86' lang='lat' dir='ltr'>Dind.):</span> <span class='ocrx_word' id='word_1_223' title='bbox 2706 3632 2868 3715; x_wconf 72' lang='grc' dir='ltr'><em>μετ-α’</em></span> <span class='ocrx_word' id='word_1_224' title='bbox 2909 3653 2977 3711; x_wconf 76' lang='grc' dir='ltr'>γε</span> 
     </span>
     <span class='ocr_line' id='line_1_32' title="bbox 511 3733 2975 3823; baseline -0.002 -18"><span class='ocrx_word' id='word_1_225' title='bbox 511 3738 766 3805; x_wconf 82' lang='grc' dir='ltr'><em>Μωυσέα</em></span> <span class='ocrx_word' id='word_1_226' title='bbox 816 3733 983 3801; x_wconf 66' lang='grc' dir='ltr'><em>τοῦθ’</em></span> <span class='ocrx_word' id='word_1_227' title='bbox 1015 3739 1360 3823; x_wconf 81' lang='grc' dir='ltr'><em>εὑρίσκεται·</em></span> <span class='ocrx_word' id='word_1_228' title='bbox 1407 3739 1799 3802; x_wconf 79' lang='grc' dir='ltr'><em>κατακλοοαοὶ</em></span> <span class='ocrx_word' id='word_1_229' title='bbox 1863 3737 1960 3800; x_wconf 77' lang='grc' dir='ltr'>καὶ</span> <span class='ocrx_word' id='word_1_230' title='bbox 2025 3736 2389 3821; x_wconf 81' lang='grc' dir='ltr'><em>ἐκπυρώσεις·</em></span> <span class='ocrx_word' id='word_1_231' title='bbox 2449 3735 2816 3822; x_wconf 68' lang='grc' dir='ltr'><em>Προμηθεὺς·</em></span> <span class='ocrx_word' id='word_1_232' title='bbox 2879 3734 2975 3800; x_wconf 82' lang='grc' dir='ltr'>Ἰὼ</span> 
     </span>
     <span class='ocr_line' id='line_1_33' title="bbox 509 3843 2980 3934; baseline -0.001 -23"><span class='ocrx_word' id='word_1_233' title='bbox 509 3848 776 3933; x_wconf 77' lang='grc' dir='ltr'><em>Εὐρώπη</em></span> <span class='ocrx_word' id='word_1_234' title='bbox 826 3848 1075 3931; x_wconf 80' lang='grc' dir='ltr'><em>σπαρτοὶ</em></span> <span class='ocrx_word' id='word_1_235' title='bbox 1120 3847 1321 3933; x_wconf 79' lang='grc' dir='ltr'><em>Κόρης</em></span> <span class='ocrx_word' id='word_1_236' title='bbox 1361 3849 1603 3933; x_wconf 70' lang='grc' dir='ltr'><em>ἁρπαγὴ</em></span> <span class='ocrx_word' id='word_1_237' title='bbox 1648 3846 1945 3934; x_wconf 73' lang='grc' dir='ltr'><em>μυστήρια</em></span> <span class='ocrx_word' id='word_1_238' title='bbox 2001 3843 2339 3930; x_wconf 73' lang='grc' dir='ltr'><em>νομοθεσίαι</em></span> <span class='ocrx_word' id='word_1_239' title='bbox 2395 3844 2677 3908; x_wconf 79' lang='grc' dir='ltr'><em>Διονύσου</em></span> <span class='ocrx_word' id='word_1_240' title='bbox 2739 3844 2980 3930; x_wconf 74' lang='grc' dir='ltr'><em>πράξεις·</em></span> 
     </span>
     <span class='ocr_line' id='line_1_34' title="bbox 511 3946 2978 4041; baseline -0.002 -22"><span class='ocrx_word' id='word_1_241' title='bbox 511 3955 782 4041; x_wconf 82' lang='grc' dir='ltr'><em>Περσεὺς</em></span> <span class='ocrx_word' id='word_1_242' title='bbox 845 3946 1012 4018; x_wconf 69' lang='grc' dir='ltr'><em>ἆθλα</em></span> <span class='ocrx_word' id='word_1_243' title='bbox 1072 3949 1376 4039; x_wconf 83' lang='grc' dir='ltr'><em>Ἡράκλεια</em></span> <span class='ocrx_word' id='word_1_244' title='bbox 1431 3950 1801 4040; x_wconf 74' lang='grc' dir='ltr'><em>Ἀργοναῦται</em></span> <span class='ocrx_word' id='word_1_245' title='bbox 1868 3953 2188 4039; x_wconf 84' lang='grc' dir='ltr'><em>Κένταυροι</em></span> <span class='ocrx_word' id='word_1_246' title='bbox 2252 3952 2640 4037; x_wconf 76' lang='grc' dir='ltr'><em>Μινώταυρος</em></span> <span class='ocrx_word' id='word_1_247' title='bbox 2705 3953 2776 4015; x_wconf 84' lang='grc' dir='ltr'>τὰ</span> <span class='ocrx_word' id='word_1_248' title='bbox 2847 3975 2978 4038; x_wconf 87' lang='grc' dir='ltr'><em>περι</em></span> 
     </span>
     <span class='ocr_line' id='line_1_35' title="bbox 492 4047 2974 4145; baseline -0.003 -17.916"><span class='ocrx_word' id='word_1_249' title='bbox 492 4047 688 4129; x_wconf 85' lang='grc' dir='ltr'><em>Ιλιον.</em></span> <span class='ocrx_word' id='word_1_250' title='bbox 785 4062 973 4125; x_wconf 89' lang='lat' dir='ltr'>Haec</span> <span class='ocrx_word' id='word_1_251' title='bbox 1021 4058 1371 4145; x_wconf 87' lang='lat' dir='ltr'>dispositio</span> <span class='ocrx_word' id='word_1_252' title='bbox 1433 4081 1631 4144; x_wconf 93' lang='lat' dir='ltr'>quam</span> <span class='ocrx_word' id='word_1_253' title='bbox 1682 4058 1933 4145; x_wconf 91' lang='lat' dir='ltr'>optime</span> <span class='ocrx_word' id='word_1_254' title='bbox 1992 4058 2278 4143; x_wconf 89' lang='lat' dir='ltr'>quadrat</span> <span class='ocrx_word' id='word_1_255' title='bbox 2333 4057 2419 4121; x_wconf 92' lang='lat' dir='ltr'>ad</span> <span class='ocrx_word' id='word_1_256' title='bbox 2478 4055 2706 4122; x_wconf 89' lang='lat' dir='ltr'>Ovidii</span> <span class='ocrx_word' id='word_1_257' title='bbox 2765 4056 2974 4120; x_wconf 88' lang='lat' dir='ltr'>Meta-</span> 
     </span>
     <span class='ocr_line' id='line_1_36' title="bbox 512 4163 2973 4254; baseline -0.003 -21"><span class='ocrx_word' id='word_1_258' title='bbox 512 4167 952 4254; x_wconf 83' lang='lat' dir='ltr'>morphoseiS.</span> <span class='ocrx_word' id='word_1_259' title='bbox 1050 4165 1378 4231; x_wconf 83' lang='lat' dir='ltr'>Conferas</span> <span class='ocrx_word' id='word_1_260' title='bbox 1426 4166 1631 4230; x_wconf 85' lang='lat' dir='ltr'>velim</span> <span class='ocrx_word' id='word_1_261' title='bbox 1674 4165 1946 4230; x_wconf 91' lang='lat' dir='ltr'>tabulae</span> <span class='ocrx_word' id='word_1_262' title='bbox 1993 4164 2151 4229; x_wconf 89' lang='lat' dir='ltr'>huic</span> <span class='ocrx_word' id='word_1_263' title='bbox 2194 4163 2398 4249; x_wconf 92' lang='lat' dir='ltr'>capiti</span> <span class='ocrx_word' id='word_1_264' title='bbox 2445 4163 2716 4228; x_wconf 89' lang='lat' dir='ltr'>additae</span> <span class='ocrx_word' id='word_1_265' title='bbox 2752 4163 2973 4249; x_wconf 92' lang='lat' dir='ltr'>dispo-</span> 
     </span>
     <span class='ocr_line' id='line_1_37' title="bbox 513 4270 2976 4359; baseline -0.002 -20"><span class='ocrx_word' id='word_1_266' title='bbox 513 4275 826 4341; x_wconf 90' lang='lat' dir='ltr'>sitionem</span> <span class='ocrx_word' id='word_1_267' title='bbox 875 4276 1066 4338; x_wconf 91' lang='lat' dir='ltr'>Mett.</span> <span class='ocrx_word' id='word_1_268' title='bbox 1102 4273 1386 4350; x_wconf 87' lang='lat' dir='ltr'>II—VI,</span> <span class='ocrx_word' id='word_1_269' title='bbox 1422 4273 1540 4338; x_wconf 91' lang='lat' dir='ltr'>ubi</span> <span class='ocrx_word' id='word_1_270' title='bbox 1572 4272 1976 4359; x_wconf 89' lang='lat' dir='ltr'>Apollodori</span> <span class='ocrx_word' id='word_1_271' title='bbox 2009 4271 2335 4337; x_wconf 91' lang='lat' dir='ltr'>librorum</span> <span class='ocrx_word' id='word_1_272' title='bbox 2386 4272 2550 4336; x_wconf 90' lang='lat' dir='ltr'>ordo</span> <span class='ocrx_word' id='word_1_273' title='bbox 2601 4278 2702 4335; x_wconf 91' lang='lat' dir='ltr'>est</span> <span class='ocrx_word' id='word_1_274' title='bbox 2748 4270 2820 4334; x_wconf 89' lang='lat' dir='ltr'>II</span> <span class='ocrx_word' id='word_1_275' title='bbox 2866 4270 2976 4333; x_wconf 91' lang='lat' dir='ltr'>III</span> 
     </span>
     <span class='ocr_line' id='line_1_38' title="bbox 510 4378 2971 4467; baseline -0.002 -21"><span class='ocrx_word' id='word_1_276' title='bbox 510 4384 582 4447; x_wconf 90' lang='lat' dir='ltr'>II</span> <span class='ocrx_word' id='word_1_277' title='bbox 628 4384 664 4446; x_wconf 94' lang='grc' dir='ltr'>Ι</span> <span class='ocrx_word' id='word_1_278' title='bbox 709 4383 842 4459; x_wconf 89' lang='grc' dir='ltr'>ΙΠ,</span> <span class='ocrx_word' id='word_1_279' title='bbox 892 4381 1170 4447; x_wconf 82' lang='lat' dir='ltr'>Eusebii</span> <span class='ocrx_word' id='word_1_280' title='bbox 1214 4380 1619 4467; x_wconf 87' lang='lat' dir='ltr'>paginarum</span> <span class='ocrx_word' id='word_1_281' title='bbox 1669 4381 1835 4446; x_wconf 91' lang='lat' dir='ltr'>ordo</span> <span class='ocrx_word' id='word_1_282' title='bbox 1886 4389 1971 4447; x_wconf 89' lang='grc'>26</span> <span class='ocrx_word' id='word_1_283' title='bbox 2020 4389 2105 4446; x_wconf 87' lang='grc'>28</span> <span class='ocrx_word' id='word_1_284' title='bbox 2140 4389 2222 4446; x_wconf 91' lang='grc'>22</span> <span class='ocrx_word' id='word_1_285' title='bbox 2274 4388 2360 4446; x_wconf 85' lang='lat'>34</span> <span class='ocrx_word' id='word_1_286' title='bbox 2394 4387 2476 4446; x_wconf 87' lang='grc'>36</span> <span class='ocrx_word' id='word_1_287' title='bbox 2512 4387 2617 4456; x_wconf 86' lang='grc'>38,</span> <span class='ocrx_word' id='word_1_288' title='bbox 2668 4386 2734 4442; x_wconf 91' lang='lat' dir='ltr'>et</span> <span class='ocrx_word' id='word_1_289' title='bbox 2782 4378 2971 4442; x_wconf 87' lang='lat' dir='ltr'>Mett.</span> 
     </span>
    </p>
   </div>
   <div class='ocr_carea' id='block_1_5' title="bbox 510 4485 3101 4575">
    <p class='ocr_par' dir='ltr' id='par_1_10' title="bbox 510 4485 3101 4575">
     <span class='ocr_line' id='line_1_39' title="bbox 510 4485 3101 4575; baseline -0.003 -19"><span class='ocrx_word' id='word_1_290' title='bbox 510 4490 870 4567; x_wconf 80' lang='lat' dir='ltr'>VII—IX,</span> <span class='ocrx_word' id='word_1_291' title='bbox 931 4489 1049 4554; x_wconf 91' lang='lat' dir='ltr'>ubi</span> <span class='ocrx_word' id='word_1_292' title='bbox 1096 4488 1712 4575; x_wconf 89' lang='lat' dir='ltr'>Apollodoreorum</span> <span class='ocrx_word' id='word_1_293' title='bbox 1768 4488 2075 4553; x_wconf 87' lang='lat' dir='ltr'>locorum</span> <span class='ocrx_word' id='word_1_294' title='bbox 2123 4488 2290 4553; x_wconf 90' lang='lat' dir='ltr'>ordo</span> <span class='ocrx_word' id='word_1_295' title='bbox 2349 4494 2450 4551; x_wconf 89' lang='lat' dir='ltr'>est</span> <span class='ocrx_word' id='word_1_296' title='bbox 2498 4485 2534 4549; x_wconf 95' lang='lat' dir='ltr'>I</span> <span class='ocrx_word' id='word_1_297' title='bbox 2579 4487 2684 4550; x_wconf 90' lang='lat' dir='ltr'>III</span> <span class='ocrx_word' id='word_1_298' title='bbox 2734 4485 2890 4573; x_wconf 91' lang='lat' dir='ltr'>epit.</span> <span class='ocrx_word' id='word_1_299' title='bbox 2939 4485 2975 4549; x_wconf 95' lang='lat' dir='ltr'>I</span> <span class='ocrx_word' id='word_1_300' title='bbox 3096 4489 3101 4494; x_wconf 88' lang='grc'><strong>’</strong></span> 
     </span>
    </p>
   </div>
   <div class='ocr_carea' id='block_1_6' title="bbox 511 4597 1919 4684">
    <p class='ocr_par' dir='ltr' id='par_1_11' title="bbox 511 4597 1919 4684">
     <span class='ocr_line' id='line_1_40' title="bbox 511 4597 1919 4684; baseline 0 -23"><span class='ocrx_word' id='word_1_301' title='bbox 511 4597 637 4661; x_wconf 89' lang='lat'>1.1</span> <span class='ocrx_word' id='word_1_302' title='bbox 686 4598 778 4676; x_wconf 89' lang='grc' dir='ltr'>ΙΙ,</span> <span class='ocrx_word' id='word_1_303' title='bbox 830 4597 1105 4663; x_wconf 83' lang='lat' dir='ltr'>Eusebii</span> <span class='ocrx_word' id='word_1_304' title='bbox 1152 4619 1356 4684; x_wconf 90' lang='lat' dir='ltr'>pagg.</span> <span class='ocrx_word' id='word_1_305' title='bbox 1408 4604 1493 4662; x_wconf 85' lang='lat'>46</span> <span class='ocrx_word' id='word_1_306' title='bbox 1542 4603 1628 4662; x_wconf 87' lang='lat'>48</span> <span class='ocrx_word' id='word_1_307' title='bbox 1681 4606 1764 4663; x_wconf 84' lang='lat'>50</span> <span class='ocrx_word' id='word_1_308' title='bbox 1816 4604 1919 4663; x_wconf 81' lang='lat'>48.</span> 
     </span>
    </p>
   </div>
  </div>
 </body>
</html>
