3534 5242
1631 268 2076 327 -28—

626 478 1024 566 descriptae,
1099 500 1183 543 ex
1253 476 1655 564 compendio
1727 477 2020 562 quodam
2091 483 2252 542 sunt
2321 483 2609 563 sumpta.
2700 475 2852 541 Hoc
2922 496 3086 561 ergo

623 610 807 654 novo
856 586 1167 673 exemplo
1217 585 1745 672 comprobantur
1791 584 2039 670 placita
2086 607 2257 669 quae
2304 589 2504 649 antea
2550 582 2938 648 statuimus:
3000 583 3084 648 ab

627 693 872 761 Ovidio
931 701 1000 758 et
1054 692 1408 758 Antonino
1466 690 1665 759 nobis
1723 692 1902 757 tradi
1957 692 2284 758 Nicandri
2337 692 2625 769 fabulam,
2683 713 2811 756 nec
2866 711 3086 756 meras

625 801 749 867 sed
805 799 1069 867 duabus
1125 800 1306 865 inter
1362 821 1511 865 sese
1569 799 1858 865 diversis
1925 798 2435 865 recensionibus
2504 797 3086 885 mythographicis

621 908 932 975 infectas.

1567 1087 1638 1172 d)
1686 1087 2157 1153 Ascalabus.

835 1231 1193 1297 Postremo
1240 1230 1313 1295 in
1347 1229 1670 1296 Ascalabi
1716 1230 1949 1295 fabula
1996 1251 2370 1297 consensus
2419 1253 2458 1296 a
2503 1230 2766 1296 Betheo
2815 1252 3087 1296 enume-

625 1340 753 1406 rati
810 1362 950 1407 non
1013 1338 1214 1405 modo
1270 1338 1510 1425 negari
1568 1361 1706 1404 non
1765 1345 2054 1425 possunt
2102 1338 2224 1407 sed
2272 1338 2692 1424 aliquantum
2751 1344 3089 1423 augentur

625 1447 912 1535 singulis
966 1446 1422 1514 locutionibus
1479 1446 1658 1511 inter
1713 1453 2077 1531 utrumque
2134 1446 2532 1533 scriptorem
2592 1446 3084 1533 comparandis.

623 1557 967 1622 Nicander
1014 1578 1179 1642 ergo
1211 1554 1368 1621 fons
1417 1575 1566 1620 esse
1597 1561 1840 1642 potest.
1925 1553 2064 1619 Sed
2110 1555 2449 1621 consentit
2487 1577 2756 1641 quoque
2802 1560 3088 1639 uterque

625 1686 780 1730 cum
827 1663 1084 1730 scholio
1133 1662 1218 1727 ad
1272 1661 1601 1727 Nicandri
1644 1662 1815 1726 ther.
1868 1670 1997 1729 485
2048 1685 2249 1748 quam
2297 1662 2608 1741 maxime,
2654 1662 2751 1727 ita
2796 1669 2873 1728 ut
2911 1683 3087 1728 com-

622 1771 950 1859 pendium
1000 1771 1343 1857 quoddam
1391 1769 1548 1835 fons
1595 1769 1831 1835 haberi
1877 1771 2111 1857 possit.

840 1878 944 1943 Ne
975 1877 1250 1964 longius
1281 1877 1352 1962 in
1388 1877 1676 1964 singulis
1726 1877 1930 1943 rebus
1979 1900 2223 1955 morer,
2271 1877 2405 1943 iam
2436 1877 2510 1942 in
2542 1876 2878 1944 Antonini
2911 1899 2966 1942 c.
3002 1886 3086 1944 25

623 1985 1043 2074 prooemium
1101 1985 1638 2071 genealogicum,
1702 1985 1885 2071 quod
1945 1984 2118 2050 nihil
2181 1985 2422 2050 attinet
2485 1985 2570 2050 ad
2636 1983 3087 2071 pestilentiam

619 2095 859 2181 ipsam,
892 2094 1193 2178 itemque
1232 2093 1577 2179 epilogum
1607 2092 1960 2157 Plutarchi
1993 2091 2335 2157 referendi
2368 2091 2612 2158 rationi
2650 2091 3086 2168 simillimum,

624 2224 757 2288 quo
806 2202 1185 2267 declaratur
1217 2222 1381 2265 usus
1417 2199 1706 2266 festivus
1742 2200 2016 2285 quidam
2051 2200 2675 2278 Orchomeniorum,
2726 2199 3116 2287 decerpere-

622 2309 829 2375 velim
859 2332 899 2374 a
931 2307 1416 2393 conversionis.
1450 2307 1684 2373 fabula
1728 2308 1920 2373 velut
1964 2307 2456 2373 adiectamenta
2502 2306 3084 2393 mythographica.

621 2416 1009 2483 Identidem
1078 2416 1149 2480 in
1223 2438 1277 2481 c.
1338 2423 1420 2482 27
1491 2414 1695 2502 stirps
1764 2415 2187 2502 Iphigeniae,
2260 2437 2668 2501 quamquam
2738 2415 3089 2501 paululum

622 2524 818 2590 nobis
866 2524 1134 2590 insueta
1183 2531 1411 2589 tamen
1447 2523 1783 2589 concinna
1830 2545 1984 2589 cum
2032 2522 2300 2610 scriptis
2335 2521 2778 2600 fabularibuS‚
2828 2528 2896 2587 et
2942 2521 3090 2586 eius

623 2632 765 2699 vita
834 2638 1106 2698 aeterna
1176 2631 1249 2696 in
1320 2631 1664 2718 Leucippe
1731 2631 1957 2697 insula
2023 2630 2333 2696 Achillea
2402 2630 2572 2695 nihil
2641 2631 2933 2695 attinent
2997 2629 3085 2695 ad

625 2744 952 2830 ἀφανισμὸν
997 2746 1362 2805 narratum.
1459 2740 1546 2804 Et
1592 2740 1663 2804 in
1713 2761 1767 2804 c.
1805 2748 1888 2806 29
1938 2739 2359 2826 prooemium
2408 2739 2763 2825 exitusque
2813 2739 3085 2805 fabulae

622 2846 863 2911 iisdem
913 2846 997 2912 de
1046 2846 1265 2913 causis
1323 2854 1485 2912 sunt
1532 2846 1932 2912 dirimenda.

837 2953 934 3019 Ut
979 2954 1198 3020 Bethe
1248 2955 1319 3019 in
1368 2954 1680 3041 Typhoei
1726 2954 1958 3023 fabula
2013 2955 2366 3020 tractanda
2418 2954 2875 3047 „Nicandrum
2933 2977 3087 3020 cum

625 3060 937 3126 scholiis“
1017 3083 1165 3126 esse
1235 3062 1614 3128 adhibitum
1686 3062 1941 3140 statuit,
2015 3062 2112 3128 sic
2182 3061 2495 3148 equidem
2551 3063 2734 3128 hunc
2802 3061 3082 3141 „Nican-

627 3170 827 3234 drum
875 3191 1030 3234 cum
1077 3168 1391 3236 scholiis“
1444 3191 1593 3235 esse
1641 3176 1989 3257 receptum
2020 3169 2092 3234 in
2137 3169 2538 3256 compendia
2586 3171 3087 3237 demonstrasse

624 3277 790 3342 mihi
836 3276 1123 3342 videor..
2629 3255 2641 3269 “

839 3385 994 3450 Huc
1043 3384 1338 3470 denique
1397 3385 1675 3463 accedit,
1737 3384 1920 3471 quod
1967 3384 2361 3451 Antoninus
2418 3384 2749 3450 Liberalis
2806 3384 2877 3450 in
2926 3408 3086 3451 eun-

627 3493 781 3558 dem
812 3513 1090 3571 morem,
1127 3514 1262 3579 quo
1308 3492 1735 3558 Pediasimus
1768 3492 2229 3579 Apollodorus
2284 3491 2656 3557 Pausanias
2721 3493 3088 3559 verborum

625 3607 932 3687 tempora
978 3622 1303 3687 praesens
1352 3607 1419 3666 et
1461 3600 1787 3666 aoristum
1843 3600 2223 3687 promiscue
2268 3599 2340 3664 in
2401 3600 2740 3666 narrando
2798 3599 3085 3687 scripsit,

625 3708 697 3773 id
750 3707 933 3794 quod
979 3708 1217 3774 saltem
1266 3714 1370 3773 est
1416 3707 1972 3794 compendiorum
2020 3730 2148 3773 nec
2193 3706 2588 3773 litterarum.

1652 3981 2075 3989 ------

1268 4213 1336 4280 2.
1388 4212 1504 4281 De
1555 4210 1845 4282 Ovidio
1895 4214 1972 4280 et
2016 4210 2448 4281 Nicandro.

840 4357 1212 4442 Postquam
1241 4356 1503 4435 itinere,
1541 4355 1722 4442 quod
1757 4356 1975 4421 Bethe
2010 4355 2347 4441 patefecit,
2404 4354 2747 4441 progressi
2791 4354 3085 4420 vidimus

630 4462 965 4529 Antonini
1011 4463 1276 4529 fabulas
1327 4485 1473 4529 esse
1503 4464 1856 4551 ponendas
1903 4463 1975 4528 in
2009 4462 2564 4550 compendiorum
2598 4484 2904 4539 numero,
2952 4462 3087 4526 iam

631 4570 912 4659 propius
962 4571 1358 4638 accedamus
1408 4573 1493 4638 ad
1527 4570 1755 4639 Ovidii
1800 4572 2064 4638 fabulas
2112 4595 2149 4637 e
2188 4569 2523 4637 sententia
2553 4569 2797 4635 Bethei
2843 4591 2927 4633 ex
2973 4567 3086 4633 Ni-

633 4680 885 4745 candro
933 4680 1227 4745 haustas.
