3534 5242
1521 305 1923 362 ...3—

492 518 559 575 et
604 510 1012 596 tragoediaS,
1061 509 1391 597 imprimis
1438 510 1788 596 Euripidis
1839 518 1904 575 et
1953 509 2310 596 Sophoclis
2361 510 2431 575 in
2478 510 2730 576 fabulis
2780 510 2951 576 The-

492 617 684 705 banis
735 626 802 682 et
846 618 918 682 in
963 618 1268 683 Procnae
1317 618 1779 703 Meleagrique
1827 617 2215 695 historioliS,
2274 640 2402 684 nec
2457 641 2593 684 non
2657 619 2956 684 carmina

492 724 740 790 Catulli
771 725 843 790 in
878 725 1148 810 Scyllae
1174 724 1420 790 Thesei
1444 725 1810 803 Ariadnae,
1839 725 2117 790 Homeri
2149 724 2217 789 in
2255 724 2513 791 Troicis
2544 726 2794 791 fabulis
2826 734 2951 792 etc.

706 833 1128 917 Quamquam
1176 832 1347 897 nihil
1396 831 1619 897 dirimi
1668 840 1894 918 potest
1942 854 2172 897 earum
2223 854 2662 919 quascunque
2707 833 2953 899 discre-

490 939 755 1026 pantias
805 945 922 1005 aut
968 961 1341 1005 consensus
1374 939 1664 1004 Kienzle
1713 939 1968 1017 statuit,
2019 947 2086 1004 et
2120 962 2525 1026 quamquam
2560 942 2689 1006 hoc
2719 940 2953 1007 verisi-

490 1047 648 1111 mile
695 1054 799 1111 est
832 1054 1100 1133 poetam
1132 1054 1402 1134 praeter
1449 1048 1929 1132 compendium
1976 1047 2517 1134 mythologicum
2552 1048 2751 1114 etiam
2787 1049 2953 1115 alios

489 1155 715 1219 fontes
773 1154 1184 1232 adhibuisse,
1252 1162 1480 1219 tamen
1547 1155 1676 1220 hoc
1741 1177 2017 1220 monere
2075 1154 2310 1220 velim:
2378 1155 2532 1220 fieri
2587 1177 2811 1243 posse,
2879 1165 2956 1220 ut

489 1284 629 1326 non
662 1270 861 1348 poeta
892 1262 1038 1348 ipse
1078 1263 1199 1327 sed
1249 1262 1793 1348 mythographus
1844 1262 2117 1347 quidam
2151 1270 2219 1328 et
2252 1284 2360 1328 res
2393 1262 2835 1329 inconcinnas
2888 1271 2954 1329 et

490 1376 841 1455 poetarum
876 1369 1057 1434 dicta
1101 1369 1174 1433 in
1217 1391 1386 1456 opus
1421 1391 1620 1434 suum
1654 1368 2001 1455 receperit.
2073 1370 2248 1435 Nam
2296 1371 2954 1457 mythographorum

490 1483 632 1540 erat
655 1477 1033 1543 litterarum
1067 1478 1328 1564 copiam
1362 1477 1776 1543 uberrimam
1810 1500 2171 1565 excerpere
2204 1486 2270 1543 et
2297 1478 2661 1565 compilare
2678 1480 2745 1564 1).
2779 1478 2954 1543 Inde

486 1605 672 1662 ver0,
725 1586 907 1670 quod
954 1586 1121 1650 haec
1167 1585 1369 1651 illave
1418 1592 1769 1671 poetarum
1821 1584 2159 1649 sententia
2206 1585 2277 1650 in
2324 1584 2735 1651 bibliotheca
2781 1608 2954 1671 quae

485 1691 877 1756 nominatur
905 1691 1309 1778 Apollodori
1337 1714 1479 1757 non
1511 1690 1881 1769 invenitur,
1913 1691 2201 1756 Kienzle
2231 1691 2348 1758 vix
2384 1699 2566 1758 recte
2599 1693 2951 1771 conclusit,

488 1814 645 1863 eam·
682 1820 824 1864 non
872 1798 1176 1864 extitisse
1220 1798 1292 1864 in
1342 1800 1745 1886 compendio
1783 1799 2026 1864 Ovidii.
2099 1799 2274 1864 Nam
2324 1800 2530 1865 artior
2577 1809 2680 1864 est
2711 1800 2954 1865 Bethei

489 1914 556 1970 et
623 1906 938 1971 Kienzlei
1010 1906 1347 1972 sententia
1413 1907 1498 1971 de
1569 1906 1989 1993 compendiis
2056 1907 2558 1994 mythologiciS,
2635 1906 2952 1993 quoniam

488 2013 716 2079 omnia
772 2037 854 2077 ex
909 2037 1046 2079 uno
1105 2013 1295 2080 fonte
1354 2036 1501 2080 esse
1560 2015 1935 2080 derivanda
1991 2020 2253 2100 putant.
2358 2015 2464 2079 Ex
2524 2016 2651 2081 hac
2707 2015 2952 2080 artiore

487 2120 825 2185 sententia
886 2121 945 2201 is
1005 2116 1278 2207 quoque
1319 2120 1631 2186 Kienzlei
1690 2143 1877 2186 error
1932 2128 2133 2186 natus
2197 2128 2320 2200 est,
2388 2123 2571 2208 quod
2631 2121 2951 2188 Ovidium

488 2250 723 2294 omnes
756 2228 1044 2307 fabulaS,
1096 2252 1267 2315 quae
1314 2229 1383 2294 in
1434 2227 1845 2294 bibliotheca
1890 2251 2031 2294 non
2079 2235 2334 2308 extant,
2372 2229 2725 2309 „aliunde“
2765 2253 2951 2316 repe-

485 2336 723 2402 tivisse
769 2344 981 2424 putat.
1055 2337 1161 2401 Ex
1192 2336 1588 2423 Vollgraffii
1636 2336 2111 2403 dissertatione
2161 2336 2422 2403 discere
2469 2337 2713 2424 potuit,
2760 2337 2951 2403 fabu-

484 2444 585 2508 las
618 2445 959 2530 Lycaonis
993 2444 1438 2510 Phaethontis
1489 2443 1929 2529 aliorumque,
1982 2467 2153 2530 quae
2189 2444 2661 2530 discrepantiis
2711 2445 2953 2531 plenae

486 2551 557 2615 in
591 2551 997 2637 Apollodori
1031 2551 1439 2618 bibliotheca
1484 2558 1602 2616 aut
1648 2551 1925 2617 omnino
1972 2574 2114 2617 non
2164 2559 2397 2617 extant
2445 2559 2561 2617 aut
2595 2551 2950 2630 differunt,

484 2667 714 2724 tamen
762 2682 911 2725 esse
959 2659 1362 2747 compendio
1410 2658 1702 2725 fabulari
1749 2659 2237 2725 attribuendas.

698 2768 805 2831 De
855 2768 1274 2854 compendiis
1325 2766 1505 2831 enim
1553 2765 2035 2852 mythologicis
2078 2767 2442 2831 Eduardus
2476 2765 2824 2832 Schwartz
2877 2766 2952 2833 in

484 2875 1133 2961 Pauly-Wissowae
1220 2876 1499 2961 Encycl.
1596 2874 1723 2939 sub
1799 2874 2085 2940 vocibus
2160 2873 2514 2959 Diodori2)
2606 2898 2734 2940 nec
2809 2898 2950 2942 non

484 2983 888 3069 Apollodori
907 2984 958 3069 3)
991 2982 1326 3070 probavit,
1378 2982 1726 3068 complura
1776 2981 2079 3046 extitisse
2127 2987 2195 3046 et
2228 3003 2400 3067 quae
2433 2981 2588 3068 plus
2636 2982 2951 3050 minusve

482 3091 660 3156 inter
707 3113 856 3156 sese
904 3098 973 3156 et
1017 3091 1101 3157 ab
1148 3090 1552 3178 Apollodori
1599 3089 2010 3155 bibliotheca
2058 3089 2539 3179 discreparent.
2619 3092 2858 3182 Neque
2913 3113 2953 3155 a

486 3199 721 3284 primis
769 3198 981 3264 initiis
1027 3199 1144 3264 illa
1192 3221 1352 3285 prae
1413 3220 1485 3263 se
1532 3197 1771 3263 tulisse
1828 3196 2123 3283 speciem
2179 3197 2629 3263 bibliothecae
2674 3198 2950 3285 Apollo·

486 3305 730 3372 doreae
786 3306 1296 3393 genealogicam
1355 3328 1753 3392 puramque,
1814 3305 1935 3369 sed
1994 3313 2141 3370 orta
2197 3305 2324 3370 sub
2383 3304 2638 3370 exitum
2699 3304 2952 3369 saeculi

483 3412 574 3476 II.
624 3435 680 3477 a.
733 3413 853 3478 Ch.
905 3437 971 3479 n.
1037 3437 1120 3478 ex
1180 3413 1655 3479 historicorum
1727 3413 2538 3499 chronographorumque
2609 3412 2947 3499 operibUS,

487 3541 774 3605 quorum
823 3521 1116 3607 vestigia
1167 3543 1384 3607 usque
1431 3520 1517 3586 ad
1565 3519 1972 3606 Apollodori
2019 3519 2496 3586 bibliothecam
2544 3519 2947 3606 pertineant,

485 3626 903 3693 continuisse
973 3651 1112 3695 non
1170 3626 1604 3716 genealogias
1663 3628 1921 3714 amplas
1993 3627 2115 3692 sed
2182 3627 2609 3714 singulorum
2664 3628 2948 3692 heroum

485 3735 715 3822 cyclos
778 3734 1141 3814 fabulareS,
1200 3743 1550 3823 praeterea
1607 3757 1714 3801 res
1777 3735 2267 3822 geographicas
2335 3743 2402 3800 et
2458 3736 2628 3824 ξένην
2673 3739 2945 3823 ἱστορίαν.

483 3842 950 3909 Bibliothecae
1036 3866 1200 3910 vero
1279 3844 1780 3932 Apollodoreae
1857 3844 2381 3908 fundamentum
2460 3842 2716 3908 factum
2800 3863 2949 3907 esse

489 3952 796 4039 „cyclum
846 3951 1178 4038 epicum“,
1230 3952 1345 4037 qui
1392 3974 1529 4017 uno
1564 3952 1683 4017 filo
1716 3950 1983 4016 fabulas
2030 3949 2193 4015 inde
2241 3950 2325 4015 ab
2358 3949 2593 4015 Urano
2630 3950 2949 4034 Gaeaque

483 4081 700 4146 usque
747 4059 834 4125 ad
883 4058 1305 4145 Telegonum
1355 4067 1758 4125 consereret.

695 4347 741 4417 1)
779 4365 834 4400 v.
874 4345 980 4400 Ed.
1021 4345 1318 4400 Schwartz
1358 4344 1429 4399 de
1467 4343 1810 4416 Apollodori
1834 4344 2201 4398 bibliotheca.
2260 4314 2804 4416 Pauly-wissowae
2830 4343 2948 4396 En-

484 4437 629 4509 cycl.
669 4437 786 4490 vol.
825 4437 871 4503 I,
912 4437 946 4489 2
985 4436 1094 4490 col.
1134 4436 1292 4490 2879.

698 4527 742 4598 ²)
780 4528 897 4581 vol.
938 4526 1007 4593 V,
1050 4528 1098 4580 1.
1142 4527 1249 4580 col.
1289 4526 1396 4581 673
1438 4525 1655 4592 „Bothe
1694 4526 1905 4578 nimm't
1943 4524 2055 4578 ein
2093 4524 2425 4578 Handbuch
2464 4529 2610 4579 statt
2654 4525 2836 4579 violer
2873 4541 2946 4577 an

480 4615 605 4669 und
641 4617 955 4684 fibersieht,
1001 4616 1115 4670 dass
1153 4617 1304 4671 auch
1342 4615 1502 4671 diese
1539 4616 1835 4671 Literatur
1876 4617 2005 4669 eine
2042 4615 2466 4686 Entwicklung
2501 4616 2722 4686 gehabt
2757 4615 2908 4669 hat.“

694 4709 741 4779 3)
778 4708 895 4762 vol.
935 4708 981 4775 Ι,
1020 4709 1069 4761 2.
1111 4709 1218 4762 col.
1258 4707 1400 4762 2878
1438 4723 1513 4761 SS.

2561 4813 2625 4868 1ss
