3534 5242
1620 267 2022 325 -8-

587 474 1049 564 Apollodorea
1103 477 1213 541 III
1260 476 1446 544 210b
1495 497 1592 561 sq.
1662 474 1973 563 protinus
2038 475 2364 541 transisse
2441 475 2527 541 ad
2592 473 3053 541 Minotaurum

587 606 643 649 e.
696 605 760 670 q.
810 605 862 649 s.
927 584 1061 668 (III
1108 584 1298 652 214b
1349 584 1500 670 sq.),
1569 605 1733 670 pace
1795 583 1928 663 (III
1975 591 2104 650 212
2154 587 2258 668 sq)
2305 582 2555 649 Minois
2622 605 2776 648 cum
2841 580 3052 647 Athe-

585 691 939 758 niensibus
989 690 1255 759 omissa.
1304 690 1640 777 Equidem
1689 713 1876 768 vero,
1928 689 2043 776 qui
2076 689 2259 777 pacis
2305 689 2674 777 vestigium
2721 689 2793 755 in
2827 688 3054 755 Ovidii

584 800 762 866 VIII
825 810 951 868 170
1000 821 1098 885 sq.
1150 798 1375 877 statui,
1434 796 1600 864 mihi
1655 797 1964 886 persuasi
2010 797 2473 864 Minotaurum
2520 804 2646 863 etc.
2705 798 2777 863 in
2827 796 3053 863 Ovidii

586 906 990 995 compendio
1056 905 1361 971 extitisse
1427 912 1583 972 ante
1644 927 1899 992 pacem.
2006 904 2428 991 Quamquam
2483 904 2829 972 Diodorus
2885 906 3053 971 haec

592 1021 752 1083 ante
795 1037 1031 1102 pacem
1078 1036 1219 1080 non
1267 1012 1475 1078 refert
1518 1052 1608 1062 —
1652 1012 1758 1079 IV
1805 1035 1859 1078 c.
1915 1021 1995 1080 76
2046 1012 2318 1079 demum
2364 1019 2573 1079 totam
2621 1012 2909 1079 Daedali
2955 1012 3051 1078 hi-

588 1121 862 1188 storiam
914 1120 1172 1187 rettulit
1202 1160 1289 1169 —-
1324 1127 1551 1186 tamen
1595 1120 1941 1207 HyginuS,
1992 1126 2352 1206 postquam
2397 1120 2468 1186 in
2516 1120 2653 1186 fab.
2705 1130 2790 1188 38
2839 1123 2929 1208 (p.
2967 1130 3050 1189 68

588 1229 846 1315 Schm.)
892 1228 1070 1295 inter
1103 1228 1349 1294 Thesei
1382 1228 1646 1294 labores
1679 1227 2142 1294 Minotaurum
2186 1227 2759 1306 commemoravit,
2792 1227 2928 1294 fab.
2965 1236 3049 1296 39
3156 1285 3164 1292 .

584 1335 831 1402 transit
877 1337 962 1403 ad
1002 1336 1405 1414 Daedalum,
1454 1334 1501 1400 f.
1553 1344 1637 1403 40
1687 1336 1773 1401 ad
1821 1334 2227 1422 Pasiphaen,
2275 1334 2644 1402 Minotauri
2693 1334 3047 1423 originem,
3113 1387 3122 1395 .

587 1443 1076 1531 labyrinthum,
1124 1452 1271 1511 tum
1318 1444 1454 1510 fab.
1489 1452 1572 1512 41
1625 1444 1902 1509 demum
1949 1443 2199 1510 Minois
2246 1443 2426 1510 bello
2459 1442 2869 1510 Atheniensi
2916 1465 3050 1509 me-

584 1558 843 1618 morato
893 1552 978 1618 ad
1025 1552 1357 1619 tributum
1405 1551 1790 1637 Theseique
1836 1550 2363 1638 navigationem.

796 1677 1094 1743 Demum
1138 1677 1316 1744 VIII
1368 1687 1488 1744 171
1543 1676 1866 1743 Ovidium
1923 1675 2180 1742 redisse
2238 1677 2320 1742 ad
2388 1699 2544 1743 eum
2590 1676 2815 1743 locum
2865 1676 3050 1742 unde

581 1784 655 1850 in
701 1784 952 1851 fabulis
987 1784 1234 1851 Thesei
1282 1784 1659 1850 referendis
1693 1785 2041 1872 profectus
2085 1791 2249 1862 erat,
2299 1806 2389 1850 sc.
2440 1784 2527 1850 ad
2572 1807 2677 1872 ep.
2709 1783 2865 1850 Vat.
2900 1784 2957 1862 I,
2989 1793 3048 1862 7,

579 1891 872 1959 Kienzle
920 1892 1193 1980 scripsit
1240 1916 1302 1980 p.
1354 1901 1459 1961 46.

794 2019 942 2085 Iam
1000 2020 1385 2086 existimare
1442 2042 1581 2085 non
1628 2019 1844 2105 liquet
1891 2018 2210 2085 Ovidium
2258 2018 2645 2084 Minotauro
2705 2017 3047 2105 descripto

585 2125 791 2212 (Apd.
824 2127 934 2191 ΠΙ
968 2132 1125 2214 215)
1171 2127 1651 2206 transsiluisse,
1685 2128 1868 2214 Apd.
1911 2127 2021 2192 III
2054 2135 2183 2194 216
2216 2165 2305 2175 -
2337 2148 2441 2213 ep.
2483 2127 2520 2190 I
2554 2135 2592 2194 6
2641 2125 2913 2203 relictiS,
2960 2127 3048 2191 ad

584 2231 831 2298 Thesei
889 2256 996 2300 res
1047 2234 1287 2301 Cretae
1345 2243 1591 2322 gestas
1688 2235 1863 2301 Nam
1922 2235 2105 2300 idem
2147 2233 2470 2320 Hyginus
2518 2231 3048 2299 Atheniensium

584 2339 843 2406 cladem
893 2351 1374 2409 commemorat
1419 2342 1554 2409 fab.
1606 2352 1687 2411 41
1740 2351 1809 2407 et
1866 2342 2001 2408 iam
2053 2340 2434 2421 „Theseum
2481 2341 2662 2427 apud
2710 2340 3047 2407 Minotau-

583 2455 773 2512 rum“
828 2449 1128 2516 adnectit
1173 2451 1308 2517 fab.
1352 2460 1436 2518 42
1476 2449 1989 2536 Ariadnamque
2035 2448 2082 2513 f.
2119 2458 2226 2527 43,
2275 2448 2516 2514 ceteris
2550 2447 2797 2513 Thesei
2843 2448 3046 2513 rebus

580 2554 791 2640 gestis
849 2557 1054 2643 (Apd.
1097 2557 1208 2622 HI
1250 2567 1379 2625 216
1412 2597 1501 2607 —
1541 2580 1644 2644 ep.
1693 2558 1750 2635 I,
1785 2562 1850 2643 6)
1899 2556 2186 2635 omissiS,
2235 2557 2370 2622 huc
2418 2555 2713 2641 denique
2759 2556 3048 2622 Daedali

582 2668 839 2727 ceteras
889 2685 997 2729 res
1044 2664 1091 2728 f.
1142 2674 1229 2733 44
1278 2668 1369 2752 (p.
1423 2675 1504 2733 70
1555 2665 1828 2750 Schm.).

794 2788 998 2855 Nunc
1087 2812 1274 2867 vero,
1368 2812 1523 2856 cum
1603 2790 1831 2855 Ovidii
1922 2790 2399 2877 compendium
2474 2790 3046 2855 circumumbrare

582 2917 927 2975 conamur,
983 2897 1267 2964 Ovidius
1315 2921 1455 2964 non
1501 2905 1639 2964 tam
1687 2896 2093 2984 Apollodori
2138 2897 2405 2964 fabulas
2453 2920 2576 2985 pro
2624 2896 3045 2984 genealogiis

586 3001 817 3068 stricte
850 3004 1212 3091 dispositas
1260 3006 1702 3073 conturbasse
1751 3028 1952 3091 quam
1986 3014 2259 3071 secutus
2309 3026 2458 3070 esse
2500 3005 2773 3071 videtur
2820 3004 3044 3092 dispo·

581 3108 896 3176 sitionem
964 3113 1324 3197 quandam,
1399 3136 1530 3200 qua
1585 3113 1657 3178 in
1714 3113 2002 3179 Diodori
2068 3112 2466 3199 Hyginique
2526 3113 3043 3179 coniunctorum

579 3216 856 3282 modum
914 3258 1001 3267 —
1062 3220 1350 3307 singulis
1397 3222 1645 3312 fabulis
1695 3221 1885 3286 velut
1932 3221 2457 3306 arrotundatis1)
2513 3260 2601 3269 —
2657 3220 3044 3287 fabularum

577 3323 754 3410 cycli
801 3326 1074 3411 quidam
1124 3335 1317 3394 erant
1367 3329 1756 3396 constructi.

791 3451 980 3517 Haec
1035 3454 1354 3519 narrandi
1414 3454 1581 3520 ratio
1640 3455 1878 3521 saltem
1938 3455 2171 3522 rudior
2228 3461 2333 3520 est
2389 3477 2591 3540 quam
2636 3455 3040 3542 Apollodori

574 3557 710 3636 illa,
747 3558 863 3644 qui
895 3560 1122 3625 omnia
1153 3562 1530 3627 secundum
1562 3573 1947 3649 temporum
1982 3562 2290 3627 ordinem
2320 3568 2582 3627 tractat.
2643 3562 3042 3630 Schwartzii

577 3687 741 3752 ergo
814 3667 1150 3733 sententia
1217 3668 1352 3746 illa,
1422 3692 1554 3755 qua
1624 3669 2083 3736 evolutionem
2154 3669 2711 3756 compendiorum
2784 3672 3038 3749 statuit,

788 3955 834 4025 1)
884 3954 1150 4010 Eandem
1204 3956 1533 4011 fabularum
1595 3956 1898 4011 finitarum
1954 3956 2215 4028 effigiem
2279 3959 2490 4014 ceteris
2557 3977 2789 4030 quoque
2855 3959 3041 4014 Meta-

574 4044 966 4115 morphoseon
1022 4047 1283 4117 partibus
1340 4053 1537 4101 extare
1596 4065 1781 4100 unum
1837 4052 2073 4101 tantum
2130 4065 2245 4118 quo
2304 4048 2741 4104 demonstretur
2795 4049 3039 4104 afferam

577 4134 910 4205 exemplum
943 4134 1238 4190 Medusaei
1277 4138 1504 4207 capitis:
1542 4138 1696 4191 inter
1719 4137 1919 4192 Persei
1953 4137 2181 4192 fabulas
2220 4140 2416 4192 omnia
2457 4155 2605 4209 quae
2641 4140 2939 4209 pertinent
2965 4139 3039 4194 ad

576 4222 882 4278 Medusam
921 4224 1028 4295 (IV
1067 4225 1172 4279 785
1210 4227 1311 4296 ss.)
1360 4226 1739 4279 continentur
1777 4245 1895 4280 una
1931 4226 2144 4293 fabula,
2197 4229 2280 4282 ita
2318 4233 2386 4281 ut
2423 4227 2669 4283 Ovidius
2705 4247 2761 4281 v.
2801 4228 2907 4283 803
2945 4247 3039 4284 ae-

573 4310 711 4382 gida
755 4313 871 4367 iam
918 4312 1208 4369 adscribat
1254 4315 1570 4381 Minervae,
1628 4334 1762 4369 cum
1809 4318 1934 4387 ipse
1985 4317 2235 4372 Perseus
2282 4323 2490 4389 postea
2541 4318 2673 4389 plus
2726 4320 2907 4374 semel
2957 4321 3035 4390 (v.

575 4401 696 4469 232,
737 4403 857 4470 240,
898 4403 1027 4471 248)
1066 4421 1134 4459 ea
1172 4410 1386 4459 utatur.
1455 4405 1644 4471 Quam
1682 4405 2093 4461 difficultatem
2130 4407 2378 4463 Ehwald
2419 4409 2479 4460 in
2519 4406 2744 4462 adnott.
2785 4426 3039 4465 comme-

574 4492 825 4545 moravit
864 4498 924 4546 et
960 4511 1063 4564 pro
1102 4495 1283 4548 nihilo
1321 4496 1540 4550 habuit.
1605 4497 2001 4567 Apollodorus
2037 4516 2179 4553 vero
2219 4498 2482 4568 singulas
2520 4503 2693 4552 notas
2732 4499 2855 4553 suis
2891 4500 3036 4555 locis

572 4579 789 4636 reddit:
846 4582 905 4634 ΙΙ
942 4582 1012 4636 42
1051 4583 1330 4639 Medusae
1379 4591 1554 4657 caput
1601 4587 1975 4656 abscinditur,
2025 4590 2057 4657 ἓ
2095 4589 2167 4642 44
2203 4605 2286 4658 sq.
2334 4587 2602 4642 hostibus
2640 4606 2674 4642 a
2710 4589 2927 4643 Perseo
2977 4591 3033 4643 in

572 4671 805 4742 proeliis
844 4678 981 4727 ante
1022 4674 1224 4729 oculos
1263 4674 1711 4745 demonstratur,
1751 4677 2003 4751 denique
2041 4679 2073 4748 ξ
2110 4679 2179 4733 46
2218 4677 2516 4733 Minervae
2554 4677 2821 4733 donatur.
