3534 5242
460 483 751 570 legimus
822 490 1192 562 narratum,
1259 506 1482 570 neque
1553 491 1917 563 certamen,
1991 485 2174 572 quod
2231 486 2394 551 Ant.
2452 485 2601 551 Lib.
2660 487 2702 572 ξ
2750 494 2925 554 2-4

461 597 710 669 narrat,
771 591 1019 657 deinde
1075 613 1164 657 ne
1220 591 1349 658 hoc
1407 591 1703 677 quidem,
1763 615 1803 658 a
1846 592 2015 659 Iove
2071 600 2372 659 montem
2419 593 2748 679 Typhoeo
2804 592 2924 658 im-

462 698 757 786 positum
824 719 993 776 esse,
1070 698 1192 765 sed
1258 718 1522 765 merum
1584 706 1851 766 tantum
1919 699 2177 766 factum
2248 700 2638 786 „Degravat
2701 700 2927 766 Aetna

462 812 730 892 caput“‚
780 827 934 872 cum
984 806 1146 871 Ant.
1184 806 1333 872 Lib.
1369 807 1412 891 ἓ
1445 814 1487 874 4
1535 811 1864 896 ἀφανισμόν
1910 808 2131 894 ample
2180 807 2632 895 descripserit.
2725 808 2926 873 Prae-

466 921 652 1007 terea
687 914 884 1001 apud
915 914 1237 983 Ovidium
1266 921 1411 980 tota
1443 913 1673 981 Sicilia
1704 916 1929 981 insula.
1971 937 2125 981 cum
2171 915 2389 982 tribus
2438 914 2925 1002 promonturiis

467 1023 797 1111 Typhoeo
843 1022 1236 1110 imponitur,
1288 1045 1459 1109 quae
1508 1014 1749 1088 eodem
1798 1022 2036 1089 ordine
2085 1023 2360 1090 exhibet
2404 1022 2607 1089 Diod.
2657 1022 2744 1100 V,
2795 1029 2924 1100 2‚2‚

466 1131 668 1218 plane
737 1153 774 1196 e
841 1130 1244 1217 compendio
1301 1131 1579 1217 prolata.
1693 1130 1903 1217 Apud
1958 1130 2303 1197 Nasonem
2374 1130 2657 1197 docetur
2725 1152 2929 1195 causa

468 1246 689 1303 terrae
735 1245 1043 1304 motuum
1090 1240 1281 1324 (ergo
1310 1237 1546 1303 fabula
1592 1237 1991 1324 aetiologica
2005 1236 2049 1322 1)
2099 1238 2279 1324 apud
2312 1237 2742 1304 Antoninum
2788 1259 2927 1304 non

471 1345 760 1411 additur.
854 1345 1226 1411 Dissensus
1273 1345 1485 1431 igitur
1532 1345 1882 1431 graviores
1931 1353 2092 1410 sunt
2140 1367 2340 1431 quam
2388 1366 2782 1412 consensus.

1212 1506 1283 1591 b)
1329 1506 1601 1572 Lamia
1648 1507 1780 1573 vel
1828 1505 2187 1594 Sybaris,

677 1632 866 1698 Haec
921 1631 1218 1716 fabula1)
1269 1631 1632 1718 singularis
1647 1633 1702 1718 2)
1752 1639 1938 1698 extat
1995 1638 2137 1698 tota
2201 1639 2510 1698 veterum
2578 1631 2927 1709 memoria,

468 1763 878 1827 quamquam
924 1739 1178 1805 multae
1223 1739 1496 1805 fabulae
1544 1740 1629 1805 de
1659 1740 1898 1806 Lamia
1943 1740 2148 1806 variis
2193 1738 2621 1806 versionibus
2671 1740 2756 1805 ad
2803 1761 2928 1804 nos

465 1854 929 1936 pervenerunt
974 1868 1101 1913 nec
1147 1847 1373 1913 minus
1423 1847 1611 1927 aliae,
1662 1871 1835 1934 quae
1883 1848 2155 1914 easdem
2203 1870 2310 1913 res
2358 1847 2504 1913 aliis
2540 1846 2927 1912 hominibus

466 1951 996 2043 regionibusque
1054 1954 1600 2041 adscriberent3).
1693 1956 1846 2021 Hoc
1904 1976 2068 2042 ergo
2116 1956 2266 2022 loco
2330 1954 2562 2020 fabula
2607 1976 2768 2019 vere
2815 1954 2929 2019 Ni-

468 2063 762 2128 candrea
806 2061 1003 2128 nobis
1050 2062 1299 2128 tradita
1344 2084 1494 2128 esse
1540 2062 1835 2142 videtur,
1894 2063 1978 2128 ab
2027 2061 2381 2130 Antonino
2440 2084 2580 2129 non
2634 2062 2930 2148 interpo-

466 2171 620 2235 lata.
725 2169 914 2235 Finis
979 2169 1251 2236 fabulae
1317 2178 1418 2236 est
1475 2170 1938 2257 aetiologicuS‚
1997 2171 2040 2258 ἓ
2093 2181 2159 2237 7:
2226 2176 2265 2263 ἢ
2321 2175 2391 2239 δὲ
2455 2173 2571 2254 (sc.
2635 2173 2931 2260 Σύβαρις)

467 2280 919 2369 καταφερομένη
974 2282 1372 2369 προσέκρουσε
1428 2284 1532 2370 τὴν
1587 2283 1854 2371 κεφαλὴν
1919 2284 2085 2369 παρὰ
2151 2283 2223 2346 τὰ
2276 2283 2477 2368 σφυρὰ
2535 2286 2639 2369 τῆς
2699 2282 2932 2368 Κρίσης,

468 2391 565 2453 καὶ
619 2390 772 2477 αὐτὴ
824 2391 940 2474 μὲν
986 2390 1056 2453 ἐκ
1119 2392 1221 2453 τοῦ
1279 2390 1614 2476 τραύματος
1678 2390 1918 2477 ἀφανὴς
1968 2389 2222 2471 ἐγένετο,
2293 2390 2360 2453 ἐκ
2414 2390 2484 2460 δὲ
2549 2395 2652 2477 τῆς
2717 2388 2933 2475 πέτρας

468 2497 698 2583 ἐκείνης
758 2498 1027 2584 ἀνεφάνη
1083 2498 1258 2585 πηγή,
1315 2498 1413 2561 καὶ
1467 2498 1651 2585 αὐτὴν
1714 2500 1769 2561 οἱ
1831 2497 2134 2585 ἐπιχώριοι
2198 2498 2436 2562 καλοῦσι
2503 2496 2792 2582 Σύβαριν·
2866 2496 2935 2560 ἐκ

468 2606 538 2669 δὲ
595 2606 809 2692 ταύτης
866 2607 965 2669 καὶ
1009 2607 1228 2692 Λοκροὶ
1287 2606 1447 2670 πόλιν
1499 2605 1562 2669 ἐν
1606 2603 1822 2692 Ἰταλίᾳ
1879 2605 2149 2691 Σύβαριν
2204 2603 2451 2670 ἔκτισαν.
2543 2601 2931 2668 Novissima

467 2715 732 2774 tantum
787 2710 998 2777 verba
1055 2713 1123 2777 ἐκ
1176 2714 1246 2778 δὲ
1302 2715 1521 2801 ταύτης
1572 2714 1691 2777 κτλ.
1749 2710 1839 2775 ad
1889 2733 1996 2775 res
2059 2711 2538 2776 antecedentes
2594 2731 2735 2774 non
2798 2707 2932 2773 nisi

472 2816 734 2882 eminus
782 2825 1086 2903 spectare
1132 2817 1298 2883 mihi
1345 2817 1685 2883 videntur.
1768 2818 2084 2883 Eundem
2130 2839 2295 2883 vero
2343 2817 2682 2895 nuntium,
2719 2815 2932 2902 Syba-

471 2923 597 2988 rim
627 2923 932 2989 Italicam
966 2947 1126 3011 prae
1174 2946 1246 2990 se
1277 2924 1457 2990 ferre
1503 2947 1754 2990 nomen
1786 2924 2161 2992 Phocensis
2209 2924 2419 3004 urbis,
2467 2924 2648 3010 apud
2682 2923 2932 2988 multos

471 3030 832 3118 scriptores
886 3031 1275 3097 invenimus
1332 3032 1524 3115 (Hes,
1583 3033 1620 3096 I
1673 3040 1828 3110 1453
1892 3030 2094 3098 Diod.
2143 3033 2253 3096 XI
2315 3041 2420 3110 90,
2478 3031 2625 3096 XII
2683 3039 2931 3108 9—113

475 3136 700 3204 Strab.
751 3137 853 3204 VI
902 3161 945 3226 p
995 3147 1123 3207 262
1174 3160 1227 3203 s.
1270 3139 1446 3205 VIII
1494 3143 1736 3224 386,5).
1816 3138 1954 3205 Vix
2001 3161 2164 3225 ergo
2214 3137 2607 3215 errabimm,
2657 3137 2714 3202 si
2760 3137 2935 3202 hanc

472 3245 775 3312 ultimam
834 3253 1068 3312 notam
1128 3246 1454 3312 Nicandri
1509 3246 1783 3312 fabulae
1840 3246 2360 3313 abiudicandam
2407 3244 2762 3312 Antonino
2820 3243 2934 3327 ad<

474 3353 942 3439 scripserimus
991 3354 1511 3440 mythographo.

1432 3501 1493 3582 c)
1540 3498 1988 3583 Minyades.

687 3620 998 3686 Narratio
1013 3622 1065 3706 4)
1114 3629 1217 3687 est
1274 3622 1434 3688 satis
1484 3622 1800 3688 obscura:
1873 3622 2232 3709 Minyades
2281 3627 2728 3687 contemnunt
2774 3622 2934 3688 Dio-

471 3750 744 3816 nysum,
805 3727 1009 3793 deum
1066 3751 1342 3796 novum.
1436 3731 1506 3795 Is
1563 3729 1852 3816 virginis
1915 3729 2219 3816 effigiem
2278 3728 2603 3795 simulans
2668 3729 2935 3795 illarum

476 3843 738 3902 mentes
807 3834 1166 3902 conciliare
1230 3845 1540 3917 conatur;
1606 3858 1734 3903 nec
1791 3836 2142 3923 contingit.
2254 3836 2478 3903 Iratus
2546 3837 2713 3902 deus
2780 3843 2936 3902 ante

474 3966 781 4012 sororum
830 3944 1061 4010 oculos
1107 3944 1178 4009 in
1229 3944 1476 4011 bestias
1525 3967 1598 4011 se
1645 3945 1985 4012 convertit
2030 3952 2152 4010 etc.
2259 3949 2380 4012 καὶ
2425 3942 2578 4033 μετ’
2626 3947 2706 4011 οὐ
2755 3947 2936 4011 πολὺ

474 4058 727 4144 κλήρους
786 4055 871 4125 εἷς
931 4055 1116 4138 α”γγος
1173 4058 1237 4119 αἱ
1300 4061 1455 4142 τρεῖς
1515 4056 1880 4141 ἐμβαλοῦσαι
1932 4055 2248 4141 ἀνέπηλαν·
2308 4055 2434 4119 ἐπεὶ
2493 4055 2563 4120 δὲ
2627 4057 2661 4118 ὁ
2725 4056 2942 4142 κλῆρος

474 4162 718 4235 ἐξέπεσε
781 4163 1136 4250 Λευκίππης,
1209 4159 1434 4248 ηὔξατο
1502 4163 1664 4249 θῦμα
1735 4166 1823 4250 τῷ
1882 4159 2012 4250 θεᾷ
2086 4163 2296 4227 δώσειν
2365 4164 2462 4226 καὶ
2492 4153 2785 4227 Ἵππασον
2839 4163 2938 4226 τὸν

475 4273 693 4360 ἑαυτῆς
737 4273 919 4337 παῖδα
965 4270 1242 4336 διέσπασε
1286 4270 1390 4334 σὺν
1438 4273 1565 4341 ταῖς
1606 4271 1908 4356 ἀδελφαῖς.
1980 4268 2168 4331 Haec
2214 4287 2377 4331 sane
2423 4288 2563 4333 non
2611 4273 2714 4331 est
2760 4266 2938 4331 iusta

688 4431 734 4499 1)
772 4430 993 4484 Anton.
1032 4428 1159 4483 Lib.
1201 4446 1247 4482 c.
1289 4428 1338 4482 8.

690 4520 735 4589 2)
773 4537 829 4573 v.
867 4519 1132 4574 Roscher
1166 4518 1279 4572 lex.
1319 4518 1502 4590 myth.
1544 4519 1653 4572 sub
1692 4516 1930 4573 Lamiae
1967 4534 2134 4572 voce.

688 4611 735 4679 ³)
772 4627 828 4662 v.
868 4608 1075 4663 Rohde
1112 4608 1341 4681 Psyche
1380 4626 1435 4678 p.
1478 4607 1595 4662 180.

689 4700 736 4768 ⁴)
776 4699 913 4753 Ant.
956 4698 1081 4755 Lib.
1124 4717 1170 4754 c.
1214 4698 1296 4753 10.
