3534 5242
1478 269 1922 327 ...27-

462 474 596 539 Eas
630 474 1041 541 Plutarchus
1076 474 1319 542 timore
1355 476 1716 564 perterreri
1748 477 1964 544 multo
1996 476 2431 543 verisimilius
2464 484 2695 543 narrat
2727 501 2928 564 quam

464 581 794 660 Aelianus
842 604 982 647 non
1033 583 1462 650 commoveri.
1556 583 1663 649 Ibi
1711 583 1860 650 sine
1907 606 2110 650 causa
2157 607 2446 671 puerum
2503 593 2771 663 necant,
2819 585 2930 651 hic

463 689 757 755 amentia
808 696 973 755 orta.

677 796 887 882 Apud
946 796 1267 863 Ovidium
1316 798 1673 864 conversio
1732 799 2037 865 succedit
2092 798 2453 877 miraculis,
2503 799 2601 864 nil
2657 798 2930 864 additur

466 903 551 968 de
599 903 894 969 amentia
939 903 1300 990 parricidio
1361 904 1715 996 orgiasmo⁶
1749 905 2220 993 persecutione
2267 906 2692 971 maenadum.
2745 905 2930 984 Quae

462 1010 636 1076 actio
716 1017 821 1075 est
898 1010 1050 1077 veri
1126 1010 1482 1077 simillima.
1582 1013 1825 1099 Itaque
1909 1034 1992 1077 ex
2075 1012 2407 1079 Antonini
2485 1012 2718 1078 fabula
2788 1035 2927 1079 non

466 1118 686 1183 solum
738 1119 780 1206 g
816 1126 855 1184 3
909 1118 1030 1183 sed
1078 1118 1280 1184 etiam
1328 1118 1907 1206 consanguineam
1955 1120 1997 1207 ἕ
2031 1129 2073 1187 4
2104 1141 2229 1207 pro
2277 1119 2675 1185 adulterinis
2725 1118 2931 1186 velim

469 1224 836 1291 eliminare.
931 1225 1266 1293 Antonini
1325 1227 1535 1293 verba
1593 1228 1635 1313 ξ
1684 1236 1723 1294 3
1774 1232 1925 1317 πρὸς
1981 1231 2056 1319 δὴ
2114 1230 2344 1313 [ταῦτα]
2413 1229 2485 1294 τά
2552 1233 2763 1316 σημεῖα
2828 1230 2937 1300 τὰς

467 1337 655 1422 κόρας
712 1333 898 1420 ἔλαβε
953 1336 1124 1422 ὃεζαα
1181 1340 1285 1398 est
1339 1334 1528 1400 velut
1587 1334 2035 1401 retinaculum
2100 1334 2183 1400 ab
2241 1334 2593 1400 Antonino
2652 1333 2931 1411 factum,

467 1440 650 1506 haud
706 1463 902 1508 secus
960 1448 1162 1527 atque
1218 1441 1489 1507 Aeliani
1545 1442 1795 1507 locutio
1852 1442 2188 1508 contraria
2246 1446 2358 1519 τὰς
2408 1445 2479 1509 δὲ
2537 1444 2681 1509 οὐδὲ
2742 1446 2926 1509 ταῦτα

470 1551 775 1617 ἀνέπειθεν
821 1550 1016 1617 ἐλθεῖν
1063 1552 1129 1623 ἐς
1172 1553 1275 1639 τὴν
1319 1552 1608 1638 λαθρεῖαν
1656 1556 1756 1618 τοῦ
1803 1552 2008 1636 daiam
2016 1573 2104 1629 ος,
2162 1550 2343 1636 quod
2401 1556 2764 1633 utrumque
2818 1570 2932 1612 ne-

469 1656 837 1723 cessarium
907 1663 1010 1721 est
1075 1656 1161 1721 ad
1219 1657 1572 1741 sequentia
1618 1678 1773 1722 cum
1821 1656 2378 1723 antecedentibus
2434 1654 2932 1741 coniungenda.

681 1871 780 1937 Ut
827 1894 910 1937 ex
943 1873 1280 1939 Antonini
1311 1874 1544 1940 fabula
1583 1873 1717 1939 huc
1766 1894 1983 1960 usque
2012 1873 2245 1959 virgas
2293 1870 2709 1938 adulterinas
2758 1869 2931 1935 exci-

470 1977 716 2055 dimus,
776 1979 871 2044 ita
915 1979 1049 2045 iam
1097 2003 1179 2046 ex
1227 1987 1468 2047 trunco
1527 1981 1758 2048 relicto
1807 1980 2041 2047 fabula
2084 2002 2247 2046 vere
2292 1979 2675 2045 Nicandrea
2733 1975 2933 2044 nobis

470 2086 878 2172 requirenda
936 2094 1058 2153 est.
1152 2076 1257 2154 Ac
1304 2110 1668 2174 sequamur
1712 2087 2079 2174 Rappium,
2131 2087 2246 2173 qui
2302 2087 2663 2172 (Roscher,
2710 2083 2934 2170 Miny-

471 2193 660 2279 ades)
706 2192 887 2259 idem
934 2194 1292 2261 consilium
1337 2195 1520 2260 iniit:
1580 2195 1942 2282 Minyades
1998 2194 2391 2281 vituperant
2437 2198 2694 2258 ceteras
2742 2191 2935 2257 muli-

472 2323 641 2380 ereS,
722 2302 903 2388 quod
981 2302 1151 2368 urbe
1229 2301 1462 2367 relicta
1528 2324 1652 2388 per
1720 2308 1986 2368 montes
2059 2300 2503 2378 bacchantum
2582 2297 2935 2384 Dionysus

470 2409 707 2475 habitu
764 2430 1096 2476 converso
1155 2430 1267 2475 eas
1315 2410 1645 2486 hortatur,
1704 2414 1780 2473 ut
1825 2407 2019 2473 festis
2065 2406 2413 2484 intersint3
2479 2406 2651 2472 nihil
2698 2428 2932 2472 conse-

471 2523 667 2583 cutus
735 2516 903 2582 deus
969 2517 1180 2582 iratus
1248 2538 1321 2581 se
1385 2515 1723 2582 convertit
1776 2516 1849 2580 in
1903 2524 2174 2580 taurum
2230 2515 2498 2580 leonem
2563 2514 2931 2602 pardalem,

473 2624 635 2690 dum
693 2631 926 2690 nectar
983 2631 1052 2689 et
1105 2625 1210 2690 lac
1267 2624 1352 2688 de
1407 2624 1588 2710 iugis
1646 2622 2004 2706 manant.¹)
2099 2621 2344 2689 Ovidio
2402 2621 2732 2688 advocato
2780 2643 2934 2687 con-

471 2732 825 2799 firmamur
917 2733 1094 2798 hanc
1183 2732 1485 2798 fabulam
1552 2753 1701 2798 esse
1780 2753 1942 2797 vere
2010 2730 2463 2795 Nicandream
2533 2728 2679 2795 rati.
2805 2727 2938 2794 Hic

475 2861 745 2926 quoque
807 2839 1202 2925 vituperant
1264 2837 1625 2924 Minyades
1692 2840 1904 2921 (mett.
1964 2837 2089 2915 IV,
2117 2842 2179 2921 1)
2238 2836 2555 2902 mulieres
2623 2834 2936 2922 reliquaS‚

475 2970 646 3034 quae
676 2946 748 3012 in
781 2946 1127 3013 montibus
1160 2952 1499 3032 vagantur
1533 2948 1838 3029 (4-30);
1873 2944 1984 3010 hic
2018 2966 2287 3030 quoque
2316 2944 2672 3030 Dionysus
2707 2941 2932 3008 subito

474 3054 669 3120 adest
712 3054 785 3119 in
830 3060 1138 3119 monstra
1184 3074 1258 3118 se
1305 3060 1735 3131 convertenS,
1784 3075 1924 3119 non
1959 3052 2234 3138 quidem
2281 3071 2566 3116 monens
2615 3049 2738 3115 sed
2784 3072 2934 3136 pro-

471 3162 656 3227 tinus
724 3160 1039 3249 puniens,
1110 3160 1243 3227 nisi
1307 3159 1483 3227 vatis
1548 3160 2090 3227 adhortationem
2148 3161 2214 3242 (8
2264 3162 2381 3243 ss.)
2439 3157 2598 3223 hinc
2651 3156 2937 3253 fluxisse

475 3269 751 3334 credere
798 3269 989 3335 velis.
1058 3270 1433 3334 Enumerat
1464 3268 1859 3335 Antoninus
1909 3265 2391 3332 conversiones
2440 3274 2600 3343 treS,
2652 3263 2935 3330 Ovidius

475 3374 702 3440 reddit
725 3397 789 3439 v.
817 3384 949 3444 404
983 3398 1341 3442 saevarum
1378 3375 1738 3441 simulacra
1769 3376 2090 3440 ferarum.
2139 3375 2315 3460 Iuga
2344 3372 2657 3451 virentia,
2680 3370 2941 3437 textilia

473 3483 546 3546 in
592 3481 824 3547 vineta
871 3489 939 3547 et
984 3482 1269 3548 hederas
1319 3503 1392 3547 se
1439 3482 1908 3548 convertentia
1953 3482 2124 3547 nihil
2181 3488 2342 3547 sunt
2402 3480 2536 3546 nisi
2583 3478 2938 3566 explicatio

478 3587 781 3655 eiusdem
850 3589 1077 3656 brevis
1138 3598 1349 3685 ’notae
1420 3591 1601 3678 apud
1671 3591 2102 3657 Antoninum
2175 3591 2486 3657 extantis.
2614 3589 2939 3656 Sororum

479 3696 834 3763 conversio
884 3698 1325 3784 subsequitur
1370 3699 1538 3764 haec
1582 3697 1909 3765 miracula
1953 3706 2022 3765 et
2060 3699 2243 3786 apud
2277 3698 2598 3764 Ovidium
2645 3703 2713 3761 et
2757 3695 2939 3783 apud

475 3802 925 3884 Antoninum,
975 3790 1043 3870 et
1084 3804 1431 3873 Nicandro
1482 3806 1715 3872 deberi
1762 3806 2330 3872 verisimillimum
2379 3812 2500 3870 est.

583 3976 594 3989 ,
691 3911 1083 3979 Consensus
1130 3913 1309 3979 inter
1356 3913 1676 3981 Ovidium
1726 3921 1795 3979 et
1838 3913 2287 3992 Antoninum,
2339 3912 2454 3999 qui
2501 3916 2941 3999 opponuntur

476 4020 764 4087 Aeliano
836 4028 903 4085 et
969 4020 1357 4099 Plutarcho,
1431 4029 1592 4087 sunt
1661 4020 2030 4109 conspicui.
2123 4019 2449 4086 Attamen
2521 4025 2589 4083 et
2653 4017 2940 4083 Ovidius

476 4127 807 4193 nonnulla
852 4128 1126 4215 propria
1189 4128 1490 4215 protulit,
1542 4150 1713 4215 quae
1759 4127 2004 4216 partim
2056 4151 2139 4192 ex
2186 4134 2329 4192 arte
2362 4126 2625 4213 poetica
2672 4147 2936 4191 emana-

476 4242 743 4313 verunt,
803 4235 1068 4323 partim,
1136 4236 1318 4322 quod
1367 4259 1518 4301 cum
1578 4235 2099 4322 mythographis
2162 4233 2617 4311 consentiunt,
2685 4239 2762 4297 ut
2817 4231 2940 4297 Mi-

476 4343 780 4429 nyadum
849 4343 1127 4410 nomina
1197 4350 1264 4408 et
1333 4343 1814 4410 conversiones
1875 4342 2193 4429 iugorum
2265 4341 2602 4409 coloribus
2671 4338 2942 4406 Aeliani

690 4596 735 4661 l)
774 4594 1016 4666 Hippasi
1044 4612 1248 4650 necem
1274 4593 1439 4665 Rapp
1466 4591 1696 4647 fabulae
1724 4609 1854 4648 esse
1881 4591 2064 4648 finem
2089 4591 2466 4660 Nicandreae,
2496 4590 2941 4646 conversionem

480 4699 552 4738 ex
592 4681 846 4738 Corinna
883 4689 1211 4739 mutuatam
1247 4688 1431 4756 putat.
