3534 5242
573 479 642 537 et
703 470 1028 558 Hyginus
1085 472 1132 535 f.
1186 481 1267 539 99
1319 493 1415 556 sq.
1487 470 1771 536 eandem
1829 467 2007 533 inter
2062 468 2378 535 Herculis
2440 489 2546 532 res
2605 466 3040 554 gestas‘pro·

573 580 825 645 ferunt.
937 580 1066 644 His
1126 601 1310 645 nuno
1370 578 1549 643 addo
1606 576 1904 643 inveniri
1952 575 2189 661 Auges
2247 576 2552 641 fabulam
2611 574 3042 639 coniunctam

574 694 692 751 aut
745 709 899 752 cum
932 687 1248 766 Herculis
1283 686 1533 751 fabulis
1567 685 1829 768 (Diod.)
1874 692 1990 749 aut
2022 706 2177 748 cum
2211 683 2524 748 Herculis
2556 682 2703 747 filio
2740 681 3041 768 Telepho

577 794 821 878 (Procl.
875 794 1080 881 Cypr.
1141 796 1183 882 ἕ
1238 803 1528 870 17-19;
1597 792 1778 879 Apd.
1831 814 1933 878 ep.
1987 800 2170 870 3,2o;
2239 790 2623 855 fabularum
2689 788 3041 875 dispositio

572 901 859 987 Hygini,
911 903 1026 987 qui
1074 901 1404 988 Telegoni
1450 901 1750 966 fabulam
1800 901 2037 986 Auges
2086 905 2154 965 et
2197 897 2636 964 Theutrantis
2683 896 2867 961 fabb.
2919 918 3041 982 pro

576 1009 1165 1095 consanguinitate
1223 1009 1610 1096 praemissis
1670 1009 1931 1095 profert
1985 1008 2163 1072 inter
2230 1014 2489 1071 ceteras
2555 1004 2820 1070 fabulas
2884 1003 3044 1068 belli

577 1116 923 1202 Troiani).

788 1226 934 1292 Iam
999 1226 1072 1291 ni
1136 1227 1335 1291 fallor
1400 1226 1561 1292 satis
1630 1232 1939 1311 apertum
1998 1232 2101 1289 est
2158 1230 2225 1288 et
2272 1222 2593 1288 Ovidium
2658 1229 2726 1284 et
2782 1225 3043 1286 ceteros

576 1333 1007 1419 compendiis
1059 1355 1219 1400 usos
1269 1340 1385 1397 aut
1433 1355 1545 1398 eas
1594 1331 1882 1409 fabulas,
1935 1353 2099 1417 quas
2134 1330 2595 1416 Apollodorus
2645 1328 2771 1393 sub
2817 1327 3044 1392 Pelas-

577 1441 649 1527 gi
696 1449 901 1526 gente
956 1440 1362 1528 conceperit,
1422 1440 1568 1505 aliis
1618 1438 1943 1525 stirpibus
1990 1437 2380 1504 attribuisse
2444 1445 2561 1502 aut
2609 1435 2884 1502 omnino
2935 1454 3043 1499 res

578 1547 1054 1633 genealogicas
1105 1548 1497 1634 despexisse
1545 1570 1705 1634 prae
1754 1546 1964 1633 cyclis
2014 1545 2411 1611 referendis.

797 1655 897 1720 Ut
959 1656 1161 1721 modo
1223 1655 1531 1732 disserui,
1589 1654 1907 1720 Ovidium
1957 1653 2193 1718 Inachi
2251 1660 2523 1739 gentem
2580 1651 2697 1718 vix
2753 1650 2823 1715 in
2872 1651 3047 1734 Argi

582 1771 652 1827 et
706 1762 983 1848 Pelasgi
1031 1762 1276 1850 stirpes
1340 1762 1738 1840 seiunxisse,
1806 1761 1899 1826 ita
1966 1761 2409 1847 sequentibus
2466 1760 2752 1847 probare
2818 1757 3045 1837 velim,

581 1870 875 1935 eundem
947 1869 1148 1936 etiam
1220 1870 1723 1957 bipertitionem
1790 1869 2014 1955 gentis
2072 1868 2247 1955 Argi
2313 1868 2407 1951 (in
2467 1868 2710 1953 stirpes
2739 1925 2744 1930 .
2770 1865 2918 1930 Beli
2980 1871 3048 1930 et

580 1978 924 2065 Agenoris
972 1978 1249 2062 factam)
1299 1978 1672 2063 ignorasse.

794 2086 1008 2152 Poeta
1053 2085 1231 2150 inter
1270 2084 1534 2150 fabulas
1572 2084 1812 2150 Cadmi
1845 2091 1910 2148 et
1944 2083 2226 2162 Niobae,
2274 2081 2617 2169 Agenoris
2666 2083 2896 2170 prolis,
2948 2105 3046 2147 re-

583 2195 763 2281 cepit
808 2193 1074 2258 fabulas
1120 2193 1374 2270 Persei,
1423 2192 1577 2257 Beli
1622 2192 1911 2279 nepotiS,
1962 2199 2029 2256 et
2073 2191 2542 2277 Proserpinae.

796 2301 1125 2367 Perseum
1172 2302 1633 2389 Apollodorus
1682 2301 1816 2367 iam
1876 2308 2076 2366 antea
2121 2306 2528 2365 tractaverat
2574 2299 2645 2363 in
2693 2299 2864 2378 Beli,-
2933 2299 3048 2385 qui

583 2416 686 2473 est
727 2409 1068 2495 Agenoris
1117 2409 1348 2487 frater,
1399 2409 1628 2496 stirpe,
1674 2407 2157 2495 Proserpinam
2203 2408 2381 2472 inter
2430 2407 2711 2472 deorum
2759 2407 3045 2472 fabulas.

580 2516 787 2581 Unde
845 2540 929 2580 ex
975 2516 1291 2581 Kienzlei
1352 2516 1688 2581 sententia
1747 2522 1889 2580 erat
1949 2514 2519 2593 concludendum,
2579 2514 2900 2580 Ovidium
2967 2536 3049 2578 ex

584 2623 928 2710 Agenoris
978 2623 1187 2710 stirpe
1236 2623 1620 2711 compendii
1653 2622 1997 2688 resiluisse
2041 2623 2124 2688 ad
2160 2622 2544 2709 compendii
2576 2621 2840 2688 fabulas
2872 2620 3047 2698 Beli,

584 2732 833 2797 deinde
881 2732 963 2797 ad
1016 2732 1298 2797 deorum
1347 2731 1645 2818 stirpem.

798 2840 892 2904 At
960 2847 1159 2926 poeta
1222 2840 1551 2904 Perseum
1616 2860 1680 2904 v.
1736 2847 1862 2906 772
1931 2838 2224 2925 appellat
2291 2837 2778 2924 Agenoridem,
2847 2858 3049 2922 quam

585 2946 857 3032 quidem
931 2947 1407 3013 difficultatem
1479 2947 1765 3012 Ehwald
1838 2937 2155 3013 obscurat
2225 2947 2296 3011 in
2363 2946 2613 3023 adnot„
2688 2953 2755 3009 et
2800 2968 2864 3011 v.
2921 2953 3047 3012 720

583 3054 998 3131 Inachidem,
1063 3054 1305 3140 quibus
1380 3078 1416 3119 e
1487 3054 2009 3141 cognominibus
2067 3056 2195 3119 hoc
2252 3061 2356 3119 est
2403 3054 2830 3130 sumendum,
2890 3053 3048 3116 Per-

585 3185 777 3227 seum
844 3185 927 3226 ex
994 3154 1229 3227 eadem
1296 3171 1500 3248 gente
1569 3184 1717 3227 esse
1786 3184 1918 3247 qua
1976 3161 2305 3226 Cadmum
2368 3199 2458 3208 —
2514 3159 2554 3223 i.
2606 3182 2661 3224 e.
2724 3159 3047 3246 stirpibus

588 3269 945 3356 despectis.
1054 3270 1256 3334 Haud
1329 3291 1523 3337 secus
1587 3270 1789 3336 Diod.
1847 3269 1951 3335 IV
1993 3278 2031 3336 9
2092 3291 2130 3334 a
2185 3268 2457 3334 Baccho
2529 3290 2649 3354 per
2706 3267 3048 3332 Acrisium

583 3377 828 3442 transit
876 3377 960 3442 ad
1009 3377 1356 3442 Perseum.
1437 3377 1761 3443 Similiter
1807 3378 1877 3442 in
1926 3376 2189 3463 Hygini
2239 3376 2641 3463 compendio
2673 3375 2906 3440 Persei
2953 3376 3048 3441 fa-

585 3485 778 3550 bulas
829 3488 968 3571 (64)
1018 3484 1451 3571 bipartitione
1501 3485 1813 3572 stirpium
1863 3487 2174 3572 neglecta
2220 3490 2543 3550 secuntur
2590 3482 2859 3548 fabulae
2902 3482 3050 3547 Laii

584 3593 1020 3689 Agenoridis,
1116 3592 1404 3658 Niobam
1464 3593 1835 3679 antiquitus
1895 3594 1978 3658 ad
2038 3594 2344 3659 Procnae
2390 3592 2693 3657 fabulam
2741 3612 2889 3656 esse
2936 3591 3050 3655 ad-

583 3702 883 3767 iunctam
905 3701 1191 3765 Ehwald
1219 3700 1545 3787 cognovit
1577 3702 1756 3783 (adn.
1794 3702 1877 3766 ad
1913 3708 2099 3766 mett.
2123 3702 2225 3767 VI
2258 3703 2437 3784 412).
2502 3700 2815 3785 Denique
2848 3698 3049 3765 modo

585 3810 905 3887 vidimus,
954 3808 1344 3886 Herculem,
1379 3808 1533 3873 Beli
1580 3809 1824 3886 filium,
1874 3809 2311 3874 coniunctum
2361 3829 2511 3873 esse
2559 3830 2712 3873 cum
2764 3806 3047 3872 Theseo.

801 3917 875 3982 Si
946 3938 1110 4002 ergo
1170 3915 1456 3981 Ovidius
1528 3916 1996 4003 genealogiam
2060 3916 2316 3992 Inachi,
2389 3915 2581 3981 cuius
2652 3914 2902 4001 posteri
2968 3913 3050 3978 ab

590 4024 1010 4112 Apollodoro
1082 4023 1483 4089 dividuntur
1547 4023 1618 4088 in
1674 4030 1949 4109 gentem
2005 4024 2276 4109 Pelasgi
2333 4031 2399 4088 et
2454 4023 2649 4109 Argi,
2716 4020 3052 4106 huiusque

587 4141 869 4219 nepotes
927 4132 998 4196 in
1057 4139 1331 4218 gentem
1388 4131 1540 4197 Beli
1598 4140 1665 4196 et
1711 4131 2075 4218 AgenoriS,
2134 4152 2410 4217 prorsus
2471 4130 2792 4216 neglexit,
2854 4151 3051 4214 quae-

588 4242 876 4305 rendum
911 4240 1109 4306 nobis
1142 4239 1276 4304 iam
1310 4247 1432 4317 est,
1469 4261 1759 4325 quanam
1795 4238 2053 4304 ratione
2082 4246 2279 4325 poeta
2310 4238 2574 4304 fabulas
2609 4236 3048 4303 conseruerit.

804 4348 893 4413 Et
927 4348 1217 4434 primum
1263 4347 1319 4412 si
1351 4347 1617 4412 fabulas
1651 4347 1889 4412 Inachi
1921 4347 2106 4412 Ionis
2142 4369 2296 4412 cum
2329 4347 2648 4431 Lycaone
2684 4344 3052 4410 Callistone

588 4479 627 4521 a
686 4444 1327 4542 poeta'invenimus
1388 4454 1804 4533 coniunctas,
1865 4454 2160 4542 suspicio
2220 4459 2554 4531 movetur,
2612 4459 2879 4539 poetam
2939 4473 3050 4517 eas

589 4564 879 4642 fabulaS,
941 4586 1106 4649 quas
1154 4562 1614 4649 Apollodorus
1661 4585 1786 4649 pro
1835 4561 2251 4648 genealogiis
2301 4559 2476 4646 Argi
2523 4566 2591 4624 et
2636 4558 2908 4644 Pelasgi
2957 4557 3052 4623 di-

593 4672 881 4760 scripsit,
942 4673 1218 4738 alteram
1277 4693 1488 4758 prope
1548 4671 1824 4736 alteram
1885 4671 2151 4757 legisse,
2215 4668 2463 4755 quippe
2514 4667 2756 4754 quibus
2814 4688 3052 4752 aequa·
