3534 5242
1514 298 1915 356 -9-

481 510 719 570 nostro
769 504 1081 590 exemplo
1128 504 1472 591 probatur.
1580 503 1867 570 Ovidius
1922 527 2079 571 vero
2129 527 2266 570 non
2317 505 2400 570 ad
2450 505 2948 592 Apollodorum

374 600 388 609 ⁸
483 618 924 699 personatum
958 618 1299 677 recentem
1333 613 1453 677 sed
1478 652 1566 660 ——
1590 611 1659 676 id
1697 613 1880 697 quod
1914 613 1999 677 ad
2032 619 2320 678 aetatem
2356 620 2706 678 auctorum
2743 635 2945 698 quam

482 719 735 806 optime
784 719 1072 804 quadrat
1117 757 1207 766 —
1254 719 1339 783 ad
1387 718 1766 784 Diodorum
1818 718 2310 805 Hyginumque
2358 719 2629 805 aspirat.

694 1023 885 1088 Haec
930 1043 1114 1087 nova
1161 1021 1498 1087 sententia
1545 1029 1893 1108 praeterea
1926 1022 2195 1109 probari
2231 1022 2396 1088 mihi
2427 1022 2702 1088 videtur
2750 1046 2946 1108 argu-

480 1131 727 1196 mentis
777 1152 860 1195 ex
907 1130 1548 1216 Metamorphoseon
1599 1130 2089 1216 compositione
2138 1128 2461 1194 universa
2505 1130 2787 1195 haustis,

695 1236 985 1305 Kienzle
1042 1243 1309 1323 poetam
1368 1236 1438 1301 in
1497 1236 1762 1317 fabulas
1836 1236 2095 1301 Atticas
2161 1235 2530 1301 inseruisse
2589 1237 2947 1322 Argonau-

485 1353 706 1411 tarum
758 1342 1261 1430 expeditionem
1311 1350 1379 1407 et
1424 1344 1708 1408 Medeae
1768 1343 2119 1408 historiam
2166 1342 2567 1408 transitibus
2615 1365 2814 1409 usum
2864 1344 2946 1409 ab

478 1453 900 1540 Apollodoro
940 1451 1091 1536 (Ov.
1143 1451 1332 1515 Met—t.
1368 1450 1470 1515 VI
1517 1473 1583 1515 v.
1625 1460 1750 1517 719
1804 1480 1887 1508 -:
1922 1451 2104 1537 Apd.
2153 1451 2262 1515 ΙΙΙ
2302 1459 2425 1517 199
2477 1452 2550 1515 et
2582 1451 2706 1516 Ov.
2753 1453 2944 1517 Mett.

478 1560 617 1625 VII
666 1567 794 1626 403
853 1580 952 1643 sq.
1005 1588 1086 1614 =
1137 1556 1316 1643 Apd.
1366 1557 1401 1620 Ι
1455 1561 1606 1641 147)
1666 1557 1841 1622 datis
1902 1558 2275 1623 contendit.
2369 1559 2511 1624 Res
2569 1558 2667 1623 sic
2714 1580 2787 1623 se
2833 1561 2947 1624 ha-

476 1667 637 1733 bere
684 1673 929 1754 potest,
978 1687 1118 1731 non
1179 1646 1401 1728 debet.

693 1773 962 1838 Deinde
1011 1771 1312 1836 Kienzle
1361 1794 1423 1857 p.
1459 1780 1543 1839 49
1578 1793 1676 1857 sq.
1728 1770 2049 1836 disseruit
2097 1773 2180 1837 de
2227 1773 2475 1838 fabulis
2507 1775 2833 1862 Meleagri
2882 1782 2950 1840 et

479 1880 795 1947 Herculis
857 1903 896 1945 a
953 1885 1156 1966 poeta
1211 1878 1610 1945 coniunctis.
1705 1880 1920 1945 Recte
1990 1880 2288 1957 adnotat,
2358 1881 2739 1947 Diodorum
2803 1883 2949 1968 pari

478 1988 682 2055 modo
730 1985 995 2053 fabulas
1044 1985 1479 2052 coniunxisse
1527 1987 1594 2069 (l.
1630 1987 1733 2053 IV
1772 2009 1826 2052 c.
1882 1995 1966 2053 34
2016 1990 2164 2072 sq).
2263 1986 2612 2052 Conclusit
2666 1990 2946 2067 „eodem

478 2097 672 2161 fonte
739 2117 872 2181 quo
931 2095 1334 2172 Diodorum,
1402 2094 1807 2181 compendio
1876 2093 2131 2159 scilicet
2194 2095 2678 2181 mythologice,
2747 2117 2946 2162 usum

479 2225 630 2270 esse
678 2203 1065 2268 Ovidium.“

694 2311 902 2376 Hisce
951 2309 1179 2375 verbis
1225 2310 1391 2374 latet
1440 2308 1815 2374 difficultas
1866 2311 2227 2395 quaedam:

694 2418 1075 2485 Diodorum
1135 2417 1315 2482 inter
1371 2416 1686 2482 Herculis
1745 2416 2012 2482 fabulas
2063 2417 2275 2482 Oenei
2331 2405 2607 2484 nomine
2656 2441 2946 2484 commo-

476 2536 624 2593 tum
671 2526 753 2592 ex
803 2526 1042 2593 eodem
1075 2524 1248 2590 libro
1296 2523 1587 2589 fabulari
1619 2524 1948 2610 Meleagri
1991 2532 2241 2591 sortem
2277 2525 2623 2612 Oeneique
2666 2526 2946 2612 stirpem

478 2635 670 2700 velut
725 2637 1109 2724 παρέκβασιν,
1175 2640 1251 2697 ut
1295 2632 1442 2718 ipse
1490 2631 1655 2696 dicit
1711 2634 1793 2715 (c.
1845 2640 1931 2698 34
1982 2633 2024 2719 ἕ
2079 2636 2161 2716 1),
2227 2633 2676 2712 transtulisse,
2744 2656 2946 2720 quam

481 2742 765 2806 eandem
837 2765 979 2807 rem
1045 2741 1470 2828 comprobari
1525 2741 1930 2828 Apollodori
1998 2740 2224 2806 verbis
2297 2742 2393 2825 (II
2455 2750 2579 2809 148
2629 2751 2696 2806 et
2739 2743 2775 2807 I
2833 2746 2944 2828 64)

479 2848 768 2912 Kienzle
815 2850 1207 2914 contendit·
1267 2845 1492 2929 Quid?
1539 2849 1885 2915 Diodorus
1935 2872 2018 2913 ex
2066 2849 2469 2935 compendio
2504 2849 2945 2936 genealogice

482 2955 931 3021 bibliothecae
998 2956 1337 3022 simillimo
1396 2978 1518 3022 sua
1574 2964 1817 3043 sponte
1863 2956 2129 3022 fabulas
2188 2957 2285 3022 sic
2344 2953 2768 3043 composuit?
2860 2959 2947 3022 Et

481 3062 767 3129 Ovidius
818 3103 903 3111 —-
959 3086 1151 3143 „cum
1201 3065 1369 3129 alter
1417 3088 1499 3128 ex
1550 3064 1758 3129 altero
1807 3086 1944 3130 non
1995 3065 2361 3150 penderet“
2397 3103 2487 3113 —
2534 3086 2656 3130 sua
2703 3070 2946 3151 sponte

481 3171 747 3242 fabulas
774 3193 1189 3258 componens
1222 3173 1406 3237 hunc
1439 3173 1730 3237 eundem
1765 3172 2072 3237 ordinem
2105 3171 2347 3245 iisdem
2368 3170 2774 3258 Apollodori
2797 3194 2944 3237 ver·

481 3279 584 3344 bis
619 3287 995 3346 commotus
1037 3275 1391 3343 adhibuit?
1458 3280 1598 3344 Res
1634 3301 1955 3365 perquam
2006 3285 2109 3342 est
2143 3278 2367 3343 dubia.
2442 3278 2779 3364 Equidem
2810 3280 2946 3345 iam

480 3409 620 3452 non
669 3387 906 3452 dubito
955 3387 1368 3452 contendere
1416 3386 1744 3472 Meleagri
1774 3385 2228 3472 Herculisque
2267 3386 2497 3472 cyclos
2545 3386 2944 3453 coniunctos

479 3493 692 3559 fuisse
748 3494 817 3559 in
874 3494 1180 3560 fontibus
1237 3494 1521 3560 Diodori
1584 3501 1651 3558 et
1708 3494 1955 3571 Ovidii,
2015 3494 2191 3559 sicut
2249 3493 2569 3580 Hyginus
2628 3494 2943 3560 Herculis

481 3600 642 3682 (fab.
680 3605 970 3686 29—36)
1005 3609 1072 3666 et
1119 3601 1364 3666 Thesei
1405 3601 1566 3685 (fab.
1603 3604 1893 3686 37—51)
1942 3601 2210 3667 fabulas
2259 3601 2631 3680 coniunxit,
2665 3602 2943 3688 Apollo·

480 3709 722 3775 dorum
781 3714 1005 3773 autem
1064 3730 1179 3774 eos
1237 3710 1631 3787 secrevisse,
1689 3716 1765 3773 ut
1821 3717 2185 3794 utrumque
2246 3708 2371 3773 rite
2429 3709 2608 3775 intra
2664 3709 2943 3795 stirpem

479 3837 672 3882 suam
720 3822 1068 3893 tractaret3
1129 3824 1199 3899 et¹
1243 3817 1713 3883 adnotationes
1761 3816 1909 3882 illas
1955 3817 2029 3881 II
2082 3825 2207 3884 148
2267 3825 2335 3881 et
2379 3817 2415 3881 1
2465 3825 2549 3884 64
2597 3838 2746 3882 esse
2795 3816 2943 3881 reli·

479 3923 670 4009 quias
703 3922 948 4010 prioris
982 3924 1489 4010 compositionis
1525 3910 1838 4010 cyclicae.
1888 3926 2127 4009 Neque
2160 3926 2289 3989 hoc
2322 3923 2600 3989 sufficit.
2658 3923 2943 3990 Diodori

477 4040 689 4099 totam
737 4032 1296 4119 compositionem
1344 4033 1727 4098 fabularum
1779 4055 1933 4098 cum
1981 4032 2229 4098 Ovidio
2277 4039 2746 4118 comparantes

662 4139 833 4194 Diod.
850 4159 862 4194 ε
902 4116 1189 4194 Hercules
1802 4139 1909 4194 Ov.
1927 4160 1939 4194 ε
1977 4141 2242 4194 Theseus

1014 4229 1279 4302 Calydon
2085 4229 2469 4299 Argonautae

1010 4320 1391 4391 Argonautae
2089 4320 2353 4392 Calydon

903 4409 1248 4464 Heraclidae
1978 4410 2266 4465 Hercules

904 4499 1167 4554 Theseus
1978 4499 2324 4555 Heraclidae

477 4586 676 4652 facile
724 4590 1199 4674 cognoscimus
1238 4599 1506 4677 poetam
1557 4593 1758 4657 huius
1807 4591 2018 4678 partis
2052 4591 2319 4657 fabulas
2355 4590 2592 4655 ordine
2639 4590 2942 4656 historici

481 4703 860 4763 retroverso
921 4698 1224 4764 reddere.
1327 4700 1474 4766 Hae
1535 4723 1697 4787 ergo
1746 4700 2017 4767 fabulae
2066 4721 2301 4766 omnes
2357 4698 2536 4767 inter
2583 4719 2733 4768 sese
2781 4705 2943 4766 sunt
