3534 5242
1493 253 1938 310 —37—

477 462 771 546 corpora
812 457 1186 524 retinentes
1230 480 1362 545 pro
1414 457 1958 526 remuneratione
2004 457 2284 546 fingunt
2329 467 2644 526 cometae.
2726 458 2941 541 Quam

474 564 797 633 urbanior
827 572 932 631 est
959 565 1359 653 Iphigeniae
1405 564 1663 632 fabula!
1713 566 1937 633 Diana
1970 565 2284 633 miseram
2319 566 2456 633 iam
2502 574 2659 633 ante
2705 590 2941 634 necem

476 674 845 740 clementer
888 681 1137 752 servat,
1201 673 1288 740 ad
1332 673 1663 761 templum
1724 690 1925 740 suum
1982 674 2181 753 tollit,
2227 697 2351 761 pro
2399 675 2942 743 remuneratione

478 781 779 847 hostium
857 779 1197 867 relinquit.
1289 781 1463 846 Item
1531 779 1602 846 in
1674 779 1931 847 ultimis
2001 780 2179 847 binis
2248 781 2521 861 fabulis,
2571 781 2939 869 Typhoeus

475 910 759 976 superos
820 888 1018 975 fugat
1070 887 1279 975 inque
1344 888 1825 955 conversiones
1892 888 2207 955 ridiculas
2277 888 2487 976 cogit3
2559 888 2940 972 Gsalinthias

473 994 758 1062 numina
802 995 1054 1062 natalia
1100 1001 1493 1084 perterrens
1538 1018 1663 1082 pro
1710 1017 1933 1082 poena
1975 994 2125 1083 ipsa
2171 995 2608 1063 convertitur.

688 1103 932 1170 Restat
996 1101 1290 1188 denique
1365 1101 1647 1188 Sybaris
1711 1101 1946 1168 fabula
2003 1104 2085 1185 (c.
2136 1107 2245 1188 8.),
2296 1124 2468 1189 quae
2532 1102 2939 1170 simillimam

474 1209 936 1279 narrationem
985 1207 1289 1277 continet
1334 1215 1537 1294 atque
1582 1207 2065 1296 Hippucrenae
2113 1208 2446 1296 originem
2494 1232 2548 1276 c.
2602 1221 2661 1279 9.
2745 1211 2940 1277 Hanc

476 1341 642 1386 vero
695 1326 1053 1404 utramque
1099 1316 1401 1382 fabulam
1449 1315 1800 1382 certamini
1844 1316 2145 1383 inserere
2202 1316 2427 1383 minus
2474 1316 2708 1404 liquet,
2759 1318 2941 1405 quod

475 1425 961 1513 Hippucrenae
1010 1423 1202 1511 origo
1249 1445 1289 1489 a
1333 1423 1551 1490 Musis
1598 1430 1867 1490 cantata
1925 1445 2075 1490 esse
2119 1422 2239 1491 vix
2293 1431 2539 1512 potest,
2588 1447 2743 1491 cum
2792 1448 2940 1491 eam

477 1556 561 1598 ex
609 1555 731 1603 suo
780 1532 933 1599 loco
980 1553 1123 1598 non
1170 1552 1319 1597 esse
1366 1530 1774 1597 movendam
1822 1531 1986 1597 mihi
2035 1532 2308 1618 quidem
2356 1540 2636 1620 apparet
2682 1556 2767 1598 ex
2797 1533 2941 1599 An-

475 1639 694 1707 tonini
726 1639 957 1706 verbis
1007 1638 1355 1725 elegant-er
1383 1637 1781 1704 fluentibus.
1833 1632 2254 1725 Quamquam
2279 1661 2443 1726 ergo
2478 1641 2645 1706 haec
2674 1639 2936 1728 Hippu-

477 1769 719 1814 crenae
765 1745 960 1833 origo
1005 1745 1080 1812 in
1127 1745 1511 1812 certaminis
1573 1743 1717 1811 fine
1784 1752 1940 1811 ante
1983 1745 2361 1812 Pieriarum
2426 1746 2942 1815 conversionem

476 1860 583 1920 est
628 1853 968 1941 ponenda,
1015 1860 1242 1919 tamen
1274 1850 1503 1939 vergit
1547 1852 1635 1918 ad
1669 1850 1952 1939 Sybaris
1999 1852 2322 1932 fabulam,
2372 1875 2545 1938 quae
2591 1853 2940 1920 certamini

476 1967 581 2027 est
626 1961 1129 2047 praeponenda,
1177 1960 1366 2037 velut
1413 1960 1497 2028 ab
1532 1959 1886 2026 Antonino
1906 1961 1952 2045 1)
1985 1958 2369 2047 praeposita
2411 1967 2532 2026 est.
2589 1961 2940 2027 Habemus

477 2067 693 2155 igitur
736 2069 914 2134 hanc
959 2068 1305 2134 tabellam:

474 2210 600 2266 Nic.
627 2215 767 2284 ἑτερ.
793 2212 868 2267 δ’;
910 2210 1147 2284 Sybaris
1184 2209 1321 2265 fons
1662 2209 1769 2265 Ov.
1793 2214 1956 2266 mett.
1978 2210 2056 2267 V:
2095 2210 2399 2283 Pyreneus

902 2300 1221 2355 Pieriarum
1258 2302 1581 2353 certamen:
2084 2299 2404 2354 Pieriarum
2442 2303 2766 2355 certamen:

976 2389 1059 2442 Pi.
1097 2387 1427 2461 Minyeides
2154 2389 2237 2442 Pi.
2265 2388 2582 2461 Typhoeus
2609 2387 2940 2459 (Ammonis

973 2479 1123 2534 Mus.
1160 2477 1487 2534 Ascalabus
2224 2483 2284 2533 et
2335 2478 2658 2533 celerorum
2697 2476 2940 2532 deorum

974 2568 1058 2623 Pi.
1099 2567 1331 2623 Orionis
1368 2567 1525 2623 filiae
2224 2567 2665 2638 conversiones)

973 2658 1122 2713 Mus.
1162 2657 1469 2729 Iphigenia
2155 2657 2305 2713 Mus.
2345 2657 2661 2731 Typhoeus
2699 2656 2940 2728 (Aetna)

972 2747 1375 2820 Pi.Typhoeus
1386 2746 1654 2818 (deorum
2218 2793 2243 2815 ,‚
2338 2752 2540 2820 raptus
2559 2747 2939 2819 Proserpinae

1080 2836 1372 2892 Ammone
1403 2841 1650 2909 excepto
2215 2882 2242 2904 „
2338 2837 2537 2910 Cyane

1080 2927 1484 2982 conversionis
1592 2931 1653 2982 et
2215 2972 2242 2994 „
2336 2927 2668 2983 Asculabus

1077 3015 1297 3086 Aetna)
2217 3061 2244 3083 ,‚
2340 3016 2540 3089 Cyane

971 3105 1124 3160 Mus.
1163 3104 1490 3160 Galinthias
2215 3151 2242 3173 ,‚
2337 3106 2633 3161 Arethusa

900 3195 1255 3251 Medusaeus
1292 3194 1430 3250 fons
2214 3240 2239 3262 „
2335 3194 2692 3266 Ascalapsus

902 3286 1220 3340 Pieriarum
1258 3285 1584 3340 conversio,
2213 3329 2240 3351 ,‚
2336 3284 2569 3339 Sirenes

2213 3417 2239 3440 „
2336 3373 2633 3429 Arethusa

2212 3506 2252 3530 ,λ
2333 3462 2726 3534 Triptolemus

2078 3550 2404 3624 Lynceus2)

2078 3642 2397 3697 Pieriarum
2436 3645 2760 3699 conversio.

688 3786 734 3856 1)
774 3784 1139 3857 Quamquam
1196 3803 1318 3842 rem
1375 3803 1565 3841 meam
1619 3790 1741 3839 tam
1799 3785 2167 3842 confidenter
2220 3790 2514 3860 proposui,
2552 3794 2751 3844 tamen
2812 3791 2937 3862 ipse

474 3874 746 3929 conscius
783 3874 924 3928 mihi
963 3892 1095 3930 sum
1134 3876 1320 3929 multa
1358 3892 1489 3931 esse
1527 3876 1857 3932 accuratius
1893 3876 2193 3932 intuenda.
2235 3877 2535 3944 Quantum
2566 3879 2781 3934 attinet
2804 3880 2936 3947 huc,

475 3962 632 4035 quod
657 3963 850 4036 Hylae
887 3963 1086 4018 fabula
1121 3965 1182 4017 in
1220 3965 1320 4021 IV.
1345 3965 1491 4020 libro
1530 3968 1942 4036 ἑτεροιουμένων
1978 3970 2210 4020 narrata
2249 3982 2378 4022 esse
2415 3971 2628 4039 potest,
2668 3967 2938 4038 equidem

474 4070 595 4107 non
623 4051 917 4107 contendo
942 4058 1140 4108 totum
1166 4058 1461 4110 certamen
1485 4052 1881 4110 Nicandreum
1918 4055 2090 4110 nobis
2129 4060 2427 4110 servatum
2465 4071 2595 4110 esse
2633 4057 2936 4125 intactum,

475 4143 586 4198 etsi
609 4142 840 4198 trinitas
868 4143 1229 4198 alternorum
1250 4148 1532 4198 cantuum
1558 4145 1777 4216 optime
1804 4143 2050 4216 quadrat
2075 4144 2150 4199 ad
2180 4161 2395 4200 novem
2420 4159 2668 4199 sorores.
2708 4145 2936 4201 Deinde

474 4230 546 4286 de
585 4231 786 4287 ordine
839 4231 1167 4296 fabularum
1213 4232 1425 4288 addere
1467 4233 1663 4301 velim,
1715 4233 1843 4288 fieri
1888 4235 2169 4307 potuisse,
2211 4239 2281 4287 ut
2323 4232 2665 4288 Antoninus
2707 4234 2936 4291 fabulas

471 4320 830 4378 Nicandreas
867 4324 1195 4395 promiscue
1221 4322 1533 4395 proferret3
1573 4322 1844 4395 equidem
1869 4323 2159 4378 Antonini
2196 4321 2461 4378 ordinem
2499 4324 2748 4392 servavi,
2781 4324 2936 4396 quod

471 4413 536 4465 in
575 4429 645 4468 eo
683 4414 999 4469 relationes
1036 4412 1367 4468 fabularum
1402 4414 1760 4469 inveneram.

689 4503 734 4571 Β)
770 4503 1023 4575 Pyrenei
1060 4508 1122 4559 et
1156 4502 1383 4576 Lyncei
1427 4502 1657 4559 fabulas
1710 4520 1842 4559 esse
1889 4504 2044 4559 inter
2093 4520 2224 4558 sese
2271 4503 2594 4560 simillimas
2640 4506 2939 4577 perspexit

473 4591 735 4646 Ehwald.
798 4593 1022 4667 Lyncei
1061 4610 1251 4665 neque
1288 4593 1696 4665 Hippucrenae
1734 4593 1935 4648 fabulo
1977 4595 2274 4649 certamini
2316 4593 2577 4650 debetur.
