3534 5242
1613 292 2015 349 ..2-

589 503 656 562 et
704 504 859 584 post
902 498 1439 582 Petersenum1),
1492 497 1605 583 qui
1647 498 2000 563 Parthenii
2032 499 2638 586 Metamorphoseis
2689 500 2772 566 ab
2808 500 3055 568 Ovidio

588 626 737 670 esse
784 605 1084 671 redditas
1143 614 1574 683 censuerunt,
1638 628 1888 670 novam
1948 614 2148 691 atque
2207 615 2457 672 rectam
2503 609 2686 673 viam
2744 610 3054 695 aperiens

588 712 820 778 docuit
865 713 1156 797 Bethe2)
1212 713 1556 779 Nasonem
1623 735 1743 799 per
1807 720 2027 779 totum
2093 714 2236 778 fere
2304 715 2473 801 opus
2533 724 2836 800 secutum
2907 739 3055 781 esse

588 821 1070 907 compendium
1123 822 1465 907 quoddam
1515 821 1822 886 fabulare
1854 821 2260 907 Apollodori
2307 823 2753 889 bibliothecae
2804 824 3055 889 similli-

586 950 792 993 mum.
890 927 1105 1007 Quam
1155 952 1295 994 rem
1363 937 1438 994 ut
1495 928 1937 1015 sequentibus
2005 930 2424 1016 temporibus
2494 931 2622 995 viri
2690 931 2871 997 docti
2939 932 3056 996 diu

585 1034 787 1099 nimis
845 1036 1316 1122 neglexerunt,
1374 1036 1469 1101 ita
1517 1036 1794 1101 tandem
1842 1036 2253 1122 Vollgraffss)
2312 1047 2592 1103 conatus
2653 1048 2756 1104 est
2810 1040 3056 1104 Bethei

590 1145 875 1211 consilio
938 1145 1056 1210 uti.
1154 1143 1292 1209 Sed
1356 1143 1596 1223 ‚,nimis
1654 1144 1725 1208 in
1784 1142 2087 1229 singulas
2143 1143 2407 1209 fabulas
2464 1145 2837 1231 inquisivit,
2900 1169 3055 1212 con-

586 1259 850 1317 textum
885 1259 1110 1318 autem
1143 1251 1525 1316 fab‘ularum
1562 1250 1943 1337 quibusque
1975 1251 2269 1317 vinculis
2303 1253 2481 1317 inter
2530 1276 2601 1318 se
2651 1255 3055 1319 cohaereant

585 1383 827 1447 parum
874 1359 1303 1447 respexit.“4)
1370 1357 1685 1443 Denique
1716 1358 2007 1423 Kienzle
2055 1359 2231 1423 hanc
2278 1361 2683 1425 sententiam
2732 1361 3060 1426 stabilivit

587 1468 1063 1534 dissertatione
1121 1488 1326 1553 supra
1383 1474 1925 1544 commemorata,
1985 1467 2241 1532 scilicet
2301 1476 2569 1553 poetam
2632 1491 2717 1533 ex
2775 1468 3057 1533 historia

585 1575 878 1641 fabulari
944 1574 1347 1662 Apollodori
1414 1573 1860 1639 bibliothecae
1927 1573 2266 1639 simillima
2334 1575 2760 1640 continentes
2828 1585 3054 1662 partes

587 1683 949 1770 accepisse,
1024 1704 1188 1769 quas
1262 1681 1590 1747 aedificiis
1655 1682 1795 1746 suis
1864 1682 2315 1746 substrueret:
2393 1690 2713 1769 „apparet
2782 1683 3056 1748 maximi

508 1844 513 1851 .
587 1813 737 1857 6886
783 1791 1130 1868 momenti,
1180 1797 1256 1854 ut
1297 1788 1769 1875 compositioni
1801 1790 2442 1875 Metamorphoseon
2492 1791 2792 1856 animum
2841 1798 3054 1855 atten-

588 1900 827 1964 damus
887 1921 1087 1984 quam
1149 1896 1684 1984 diligentissime.
1781 1897 2024 1961 Aulaei
2074 1896 2392 1962 Ovidiani
2449 1899 2742 1984 primum
2807 1899 3053 1964 discer-

586 2029 827 2072 namus
876 2027 1155 2072 necesse
1205 2013 1308 2070 est
1355 2005 1543 2081 telaS,
1602 2006 1666 2069 h.
1719 2027 1775 2068 e.
1838 2004 2223 2090 compendii
2271 2006 2717 2091 mythologici
2765 2006 3053 2085 fabulaS,

584 2121 733 2180 tum
783 2114 1266 2201 quaerendum,
1318 2135 1488 2198 quae
1535 2111 1688 2178 licia
1728 2112 1881 2176 telis
1932 2112 2270 2176 addiderit
2303 2135 2609 2198 quaeque
2658 2123 3056 2179 ornamenta

590 2223 676 2287 de
725 2244 848 2288 suo
894 2220 1324 2286 intexuerit.“

804 2328 1261 2415 Quaecunque
1326 2327 1616 2392 Kienzle
1682 2327 2085 2414 compendio
2151 2327 2442 2392 fabulari
2510 2328 2837 2407 attribuit,
2906 2328 3053 2394 sine

589 2437 795 2503 dubio
863 2445 1024 2502 sunt
1081 2436 1513 2502 attribuenda
1578 2436 1821 2501 omnia.
1936 2437 2092 2500 Huc
2157 2436 2332 2500 adde
2398 2435 2663 2500 fabulas
2719 2435 2768 2501 J
2772 2434 2919 2500 onis
2989 2445 3056 2500 et

586 2545 898 2632 Persei.⁵)
958 2545 1064 2610 Ne
1112 2544 1548 2609 multifariam
1599 2545 1682 2608 de
1717 2545 1844 2609 hac
1878 2567 1948 2607 re
1983 2543 2280 2608 dilucida
2328 2543 2637 2620 referam,
2689 2543 3053 2608 conferatis

589 2675 839 2739 quaeso
886 2653 1272 2718 fabularum
1318 2652 1640 2729 tabulam,
1692 2674 1892 2737 quam
1942 2651 2099 2716 huic
2148 2651 2353 2738 capiti
2401 2651 2653 2715 addidi.

799 2761 938 2827 Ubi
996 2760 1286 2847 primum
1335 2759 1624 2824 Kienzle
1682 2760 1803 2824 has
1868 2759 2115 2838 „telas“
2183 2759 2492 2835 secrevit,
2567 2757 2903 2843 quaesivit
2970 2759 3054 2822 de

592 2869 842 2949 ‚,liciis“
897 2867 1169 2933 aliunde
1219 2867 1467 2931 additis
1517 2858 2070 2951 ornamentisque
2124 2867 2207 2930 de
2249 2866 2475 2931 Ovidii
2525 2888 2707 2952 penu
2753 2866 3050 2931 intextis.

799 2976 904 3042 Ac
971 2982 1298 3061 quantum
1360 2974 1601 3039 attinet
1659 2975 1744 3039 ad
1805 2982 2219 3051 ornamenta,
2287 2973 2576 3038 Kienzle
2638 2974 2818 3039 viam
2878 2974 3049 3037 salu-

587 3084 951 3150 berrimam
996 3083 1348 3168 ingressus
1398 3104 1547 3147 6886
1594 3081 1759 3146 mihi
1807 3082 2099 3147 videtur.
2178 3081 2353 3145 Nam
2401 3080 2659 3146 lumina
2706 3079 3047 3156 orationiS,

591 3214 761 3277 quae
809 3198 1010 3277 poeta
1056 3212 1323 3276 semper
1369 3189 1439 3254 in
1489 3197 1807 3276 promptu
1856 3189 2167 3272 habebat,
2219 3189 2274 3253 si
2307 3188 2377 3253 in
2411 3188 3049 3274 Metamorphoseon

590 3305 914 3364 contextu
949 3305 1128 3363 recte
1163 3297 1707 3384 cognoverimuS‚
1757 3297 1956 3362 facile
2004 3319 2144 3361 non
2178 3297 2617 3382 respiciemus
2650 3295 2723 3360 in
2756 3294 3051 3359 fontium

590 3405 1004 3491 quaestione.
1131 3406 1219 3470 Et
1306 3405 1594 3470 multum
1671 3405 1958 3470 interest
2034 3405 2201 3469 haec
2280 3403 2566 3469 artificia
2643 3424 2842 3487 quam
2922 3400 3052 3487 pri-

588 3537 774 3580 mum
824 3512 1071 3599 colligi.

801 3620 1072 3686 Deinde
1133 3620 1423 3684 Kienzle
1482 3620 1553 3684 in
1612 3619 2085 3706 perquirendis
2144 3619 2433 3705 singulis
2495 3618 2745 3683 fabulis
2807 3616 3052 3681 discre-

588 3728 853 3815 pantias
926 3728 1038 3793 vel
1107 3728 1395 3792 latentes
1465 3729 1578 3793 vel
1648 3728 2042 3792 manifestas
2115 3733 2352 3812 argute
2427 3726 2691 3812 aperuit
2762 3733 2829 3789 et
2893 3724 3052 3789 inde

589 3836 1231 3902 contaminationem
1280 3836 1593 3901 binorum
1642 3835 1936 3900 fontium
1995 3834 2247 3899 statuit.
2342 3833 2679 3898 Nimirum
2732 3832 3052 3897 Ovidium

585 3944 812 4031 ipsum
860 3945 946 4010 ad
1004 3943 1389 4030 compendii
1436 3943 1699 4008 fabulas
1758 3951 2110 4029 poetarum
2162 3964 2385 4027 opera,
2447 3964 2617 4026 quae
2669 3941 2752 4004 de
2814 3940 3052 4004 eodem

587 4059 991 4139 argumento
1071 4058 1319 4130 essent,
1400 4050 1768 4117 adscivisse
1849 4050 1977 4114 sibi
2057 4049 2411 4135 persuasit.
2530 4048 2711 4112 Hinc
2784 4068 3053 4131 quoque

587 4160 872 4226 fluxisse
921 4181 1294 4226 consensus
1342 4160 1523 4225 haud
1571 4159 1666 4223 ita
1714 4179 1901 4224 raros
1949 4158 2126 4222 inter
2175 4157 2401 4223 Ovidii
2441 4153 3052 4240 Metamorphoseis

800 4358 847 4427 1)
886 4355 1276 4422 Quaestiones
1316 4355 1652 4410 Ovidianae.
1727 4355 1918 4409 Kih'ae
1960 4354 2114 4408 1877.

802 4447 847 4516 ²)
887 4445 1276 4512 Quaestiones
1314 4446 1641 4501 Diodoreae
1679 4446 2158 4518 mythographae.
2219 4444 2379 4499 Gott.
2423 4442 2578 4496 1887.
2639 4461 2692 4513 p.
2734 4442 2801 4495 97
2839 4458 2921 4511 sq.

798 4537 846 4607 3)
883 4537 973 4591 De
1014 4535 1207 4591 Ovidii
1242 4537 1635 4608 mythopoeia.
1676 4534 1869 4589 Berol.
1912 4536 2065 4589 1901.

799 4627 846 4697 4)
887 4626 1134 4681 Kienzle
1173 4644 1226 4697 p.
1267 4626 1316 4680 4.

799 4716 846 4786 ⁵)
885 4716 1134 4772 Ehwald
1169 4718 1229 4770 in
1269 4715 1492 4770 adnott.
1535 4716 1609 4771 ad
1645 4717 1775 4771 illas
1814 4715 2040 4771 fabulas
2080 4717 2141 4769 in
2181 4714 2436 4769 editione
2475 4712 2660 4768 factis.
