3534 5242
1475 256 1912 313 ...23-

464 461 521 527 si
553 461 871 528 reticetur
903 461 1258 527 conversio
1289 462 1339 528 J
1342 462 1509 541 oviS,
1560 462 1810 550 quippe
1843 462 1959 548 qui
1991 464 2318 550 Typhoeo
2353 462 2673 528 restiterit
2721 464 2789 549 (ἓ
2823 467 2920 549 2);

461 592 685 655 neque
731 576 1043 636 nostrum
1092 577 1197 634 est
1241 570 1375 634 huc
1423 568 1910 657 discrepantias
1956 570 2256 635 inserere
2287 608 2375 619 —-
2407 570 2651 636 Bethei
2683 571 2918 656 gratia.

676 677 930 742 Contra
993 668 1280 741 Ovidius
1339 677 1699 743 Ammonis
1772 677 2289 744 conversionem
2360 677 2613 743 referre
2682 678 2921 764 potuit,

463 783 780 870 quoniam
848 783 932 848 de
999 783 1255 870 proelio
1320 783 1493 848 nihil
1548 783 1966 871 promiserat.
2062 784 2151 848 Et
2208 807 2288 850 ea
2344 784 2429 849 de
2487 806 2689 850 causa
2752 784 2924 849 nihil

462 890 790 979 promisit,
860 891 1037 977 quod
1103 890 1220 956 vix
1277 890 1564 978 amplius
1628 891 1794 978 quid
1848 891 1920 956 in
1979 892 2170 957 fonte
2217 892 2404 978 legit,
2474 914 2673 978 quam
2741 891 2924 978 quod

460 996 782 1076 narravit,
841 999 1014 1063 sicut
1071 1005 1139 1064 et
1194 999 1519 1085 Hyginus
1577 998 1648 1063 in
1705 998 1940 1065 fabula
2002 1008 2126 1067 196
2196 1003 2285 1086 (p.
2342 1009 2465 1068 125
2515 1001 2768 1083 Schm.)
2838 999 2923 1064 de

344 1147 352 1156 -
465 1105 796 1192 Typhoeo
843 1105 1239 1192 proelioque
1284 1105 1455 1170 nihil
1502 1105 1866 1193 praemisit.

680 1212 877 1279 Alter
910 1212 1184 1298 quidem
1219 1213 1569 1278 dissensus
1617 1213 1804 1278 haud
1850 1215 2390 1281 contemnendus
2439 1214 2559 1279 sed
2594 1237 2632 1278 a
2664 1214 2922 1280 Betheo

463 1310 979 1408 praetermissus
1028 1319 1415 1387 continetur
1447 1319 1514 1385 in
1553 1319 1909 1406 utriusque
1943 1320 2290 1408 scriptoris
2322 1321 2594 1387 fabulae
2642 1319 2923 1407 regione

463 1427 828 1515 descripta:
2015 1470 2022 1479 -

552 1534 676 1600 Ov.
727 1540 912 1600 mett.
963 1535 1029 1599 V
1078 1543 1205 1602 322
1707 1535 1925 1601 donec
1970 1535 2190 1601 fessos
2238 1535 2586 1623 Aegyptia
2630 1535 2833 1600 tellus

1050 1639 1305 1725 ceperit
1352 1647 1420 1705 et
1466 1647 1723 1728 septem
1776 1641 2108 1707 discretus
2153 1642 2225 1707 in
2275 1642 2447 1707 ostia
2492 1641 2706 1706 Nilus.

462 1748 799 1816 Antonini
832 1756 898 1814 et
933 1745 1334 1835 Apollodori
1363 1746 1575 1813 verba
1607 1755 1796 1812 sunt:
1846 1752 1932 1822 εἷς
1959 1753 2064 1840 τὴν
2097 1750 2396 1835 Αἴγυπτον.
2444 1749 2658 1816 Poeta
2690 1770 2924 1815 secun·

461 1857 624 1921 dum
682 1862 942 1942 septem
1002 1853 1174 1921 ostia
1224 1854 1365 1920 Nili
1421 1862 1773 1921 enumerat
1829 1862 2088 1943 septem
2146 1856 2310 1922 deos
2370 1878 2758 1934 conversos,
2816 1856 2927 1922 hic

463 1970 614 2029 octo
661 1963 775 2029 vel
804 2003 894 2012 —
923 1963 1104 2029 Jove
1150 1963 1488 2029 Ammone
1538 1962 1901 2029 subaudito
1936 2002 2022 2012 —
2054 1985 2324 2029 novem.
2406 1964 2481 2029 Si
2527 1963 2923 2029 Antoninus

459 2068 789 2135 Nicandri
837 2076 1047 2136 artem
1094 2069 1292 2135 nobis
1337 2070 1637 2148 tradidit,
1689 2070 1975 2137 Ovidius
2023 2077 2529 2158 praeceptorem
2577 2070 2925 2156 superavit

462 2184 635 2255 arte3
685 2176 790 2242 sin
837 2199 1001 2243 vero
1049 2176 1159 2243 hic
1205 2177 1624 2243 Nicandrum
1673 2177 1999 2264 sequitur,
2060 2179 2603 2266 mythographus
2653 2200 2926 2243 enume-

462 2283 790 2351 rationem
839 2285 1182 2371 aliquanto
1231 2284 1571 2352 rudiorem
1622 2285 1938 2351 reddidit.

672 2392 832 2458 Jam
881 2392 1201 2458 adeamus
1250 2393 1336 2458 ad
1385 2392 1690 2480 singulas
1739 2393 2241 2460 conversiones,

819 2499 953 2554 Ov.:
994 2499 1265 2571 Juppiter
1301 2501 1451 2556 aries
1631 2500 1700 2554 A.
1722 2499 1818 2555 L.:
1965 2532 2032 2540 —

995 2588 1210 2661 Apollo
1250 2606 1462 2645 corvus
1861 2592 1906 2645 1.
1946 2593 2106 2662 ἱέραξ

993 2678 1261 2737 Bacchus
1299 2696 1470 2751 caper
1855 2682 1904 2736 5.
1943 2684 2141 2753 τράγος

994 2769 1184 2823 Diana
1229 2767 1362 2823 felis
1863 2770 1913 2824 4.
1953 2771 2201 2842 amoopoc

996 2858 1157 2913 Juno
1196 2876 1375 2913 vacca
1967 2893 2034 2900 —

1000 2947 1203 3003 Venus
1237 2948 1414 3019 piscis
1964 2982 2031 2990 —

995 3036 1319 3093 Mercurius
1356 3039 1466 3094 ibis
1853 3041 1903 3093 2.
1948 3041 2053 3110 ἴβις

1851 3130 1900 3185 3.
1939 3130 2226 3187 λεπιδωτὸς
2259 3133 2416 3200 ἰχθύς
2449 3131 2607 3187 Mars

1851 3220 1899 3274 6.
1939 3221 2089 3277 ἑλλός
2121 3221 2407 3275 Hercules

1851 3310 1901 3364 7.
1935 3309 2073 3378 βοῦς
2109 3310 2406 3365 Vulcanus

1851 3399 1900 3452 8.
1936 3399 2146 3473 μυγάλη
2184 3397 2416 3453 Latona

680 3487 1154 3567 Consentiunt,
1196 3489 1254 3554 si
1287 3488 1592 3556 ordinem
1626 3487 1981 3554 nominum
2016 3489 2408 3567 omittimuS,
2442 3491 2924 3558 conversiones

461 3602 604 3660 tres
652 3595 905 3661 Bacchi
938 3594 1199 3662 Dianae
1236 3595 1577 3675 Mercurii,
1628 3596 1873 3683 quibus
1923 3596 2194 3663 obstant
2243 3597 2593 3662 dissensus
2642 3605 2923 3685 septem.

461 3703 609 3768 Iam
691 3702 1060 3790 quaeritur,
1151 3704 1335 3770 unde
1413 3704 1743 3770 fluxerint
1819 3725 2214 3783 consensus,
2292 3705 2476 3770 unde
2555 3704 2924 3771 dissensus.

460 3811 750 3876 Ehwald
802 3812 936 3876 huc
985 3811 1283 3890 adnotat,
1334 3812 1514 3899 apud
1554 3812 1936 3899 Aegyptos,
1993 3812 2169 3877 unde
2215 3811 2448 3878 fabula
2494 3812 2580 3878 ad
2629 3811 2926 3880 Graecos

463 3918 751 3997 venerit,
821 3919 1006 4006 capri
1070 3919 1364 4006 figuram
1428 3919 1722 4006 gessisse
1783 3920 2082 3986 Menden
2142 3920 2365 3998 deum,
2428 3943 2626 4006 quem
2684 3920 2927 3986 Graeci

465 4025 806 4111 appellent
884 4025 1091 4091 Pana.
1199 4025 1335 4091 Sed
1408 4026 1693 4092 Ovidius
1755 4027 2283 4114 Antoninusque
2362 4049 2637 4115 caprum
2715 4028 2928 4093 fuisse

463 4132 853 4219 Dionysum
902 4139 1198 4198 narrant.
1280 4133 1588 4220 Uterque
1636 4157 1800 4220 ergo
1849 4135 1934 4200 ad
1983 4135 2275 4200 eundem
2307 4134 2590 4213 fontem,
2638 4135 2928 4201 fortasse

463 4238 1057 4318 Nicandrum„est
1103 4240 1551 4306 reducendus.
1620 4241 1891 4307 Deinde
1927 4242 2209 4308 Ehwald
2259 4243 2507 4308 addere
2541 4242 2783 4329 pergit,
2832 4242 2928 4307 fe-

465 4347 601 4412 lem
639 4346 852 4413 fuisse
902 4355 1203 4414 sanctam
1236 4347 1543 4427 Bubasti,
1594 4371 1793 4436 quam
1829 4348 2071 4415 Graeci
2106 4347 2365 4414 Dianae
2414 4350 2926 4435 adaequassent,

464 4454 630 4520 ibim
680 4462 980 4521 sanctam
1014 4457 1492 4544 Aegyptorum
1541 4456 1805 4522 numini
1841 4456 2087 4535 Thoth,
2137 4456 2246 4521 cui
2279 4456 2656 4522 Mercurius
2705 4458 2927 4543 aequi-

464 4568 674 4648 peret.
815 4562 945 4641 Qui
1035 4585 1407 4629 consensus
1482 4564 1659 4630 inter
1738 4563 2059 4630 Ovidium
2138 4571 2205 4629 et
2281 4564 2707 4630 Antoninum
2789 4588 2927 4631 non

464 4690 741 4735 necesse
826 4692 909 4733 ex
989 4671 1331 4738 Nicandro
1410 4672 1600 4738 fonte
1693 4672 1810 4737 sed
1892 4671 2068 4737 forte
2157 4693 2239 4736 ex
2337 4671 2651 4759 primaria
2728 4673 2927 4737 huius
