3534 5242
1656 258 2102 318 -36—

660 464 1057 531 simillimae.
1184 465 1256 531 G.
1321 475 1402 533 10
1477 472 1790 532 narratur
1860 467 2092 532 nefas
2165 464 2568 553 Minyadum
2646 472 2881 533 contra
2952 467 3120 533 Bac-

653 574 857 638 chum
904 595 1270 659 earumque
1317 572 1698 650 conversio,
1747 594 1803 639 c.
1854 582 1941 642 24
1987 573 2181 639 nefas
2230 572 2551 641 Ascalabi
2597 560 3119 661 conversioque:

652 680 897 746 alteras
955 680 1285 746 habemus
1342 679 1678 766 imagines
1738 680 1908 746 duas
1962 679 2142 746 inter
2198 702 2347 746 sese
2422 679 2816 747 simillimas.
2911 681 2984 747 G.
3035 691 3119 750 25

651 795 973 853 narratur
1022 787 1108 853 de
1155 786 1489 854 sacrificio
1523 786 1793 854 Orionis
1840 787 2138 854 filiarum
2186 795 2254 853 et
2284 787 2369 853 de
2403 787 2666 876 origine
2709 796 3121 855 cometarum

655 895 738 961 ab
787 893 1024 961 inferis
1072 916 1198 981 pro
1247 895 1791 962 remuneratione
1839 896 2169 975 datarum,
2232 917 2289 962 c.
2339 904 2423 963 27
2476 896 2561 961 de
2609 918 2801 963 sacro
2847 895 3117 983 Iphige-

654 1001 807 1068 niae
864 1008 933 1066 et
987 1001 1563 1069 remuneratione:
1631 1001 1779 1068 sine
1846 997 2053 1069 dubio
2108 1001 2341 1068 tertias
2398 1003 2725 1069 habemus
2789 1001 3121 1089 imagines

657 1110 984 1195 quasdam
1034 1108 1425 1175 simillimas
1526 1109 1598 1176 O.
1650 1119 1734 1178 28
1782 1117 2096 1176 narratur
2142 1110 2228 1175 de
2274 1111 2601 1197 Typhoeo
2651 1110 2814 1177 deos
2869 1116 3120 1197 perter-

655 1223 849 1281 rente
905 1223 973 1282 et
1029 1217 1113 1282 ad
1173 1216 1654 1284 conversiones
1703 1224 2011 1304 cogente,
2070 1239 2125 1284 c.
2175 1226 2258 1285 29
2319 1218 2403 1283 de
2451 1216 2798 1284 Galinthia
2843 1216 3124 1284 numina

655 1321 907 1389 natalia
936 1330 1356 1409 perterrente
1404 1330 1472 1388 et
1514 1345 1848 1390 conversa
1889 1324 2067 1412 ipsa:
2119 1330 2432 1411 quartum
2467 1323 2760 1410 denique
2794 1325 3121 1391 habemus

654 1429 986 1516 imagines
1060 1431 1229 1497 duas
1303 1430 1696 1497 simillimas.
1806 1432 1995 1498 Talia
2060 1454 2395 1519 nusquam
2454 1431 2613 1498 alibi
2672 1431 3122 1520 reperiuntur,

655 1560 877 1624 neque
926 1537 1230 1626 quisquis
1263 1540 1486 1605 adhuc
1525 1546 1809 1606 conatus
1857 1547 1962 1606 est
2003 1547 2397 1633 ‘ceterorum
2445 1545 2600 1630 ἑτερ.
2650 1540 2980 1606 librorum
3025 1539 3122 1605 fa-

658 1645 857 1711 bulas
892 1645 962 1711 in
997 1645 1557 1734 compositionem
1591 1648 1933 1734 quandam
1978 1647 2416 1714 artificiosam
2466 1647 2798 1735 redigere,
2846 1669 2989 1713 rem
3036 1646 3123 1712 ad

665 1752 880 1819 finem
926 1752 1247 1840 perduxit

871 1860 1046 1926 Inde
1104 1860 1412 1928 conicere
1471 1861 1677 1928 velim
1734 1862 2153 1929 Nicandrum
2200 1867 2353 1953 ἑτερ.
2404 1861 2462 1931 δ’
2509 1868 2850 1928 certamen
2898 1861 3122 1926 Musa-

659 1990 810 2033 rum
845 1967 929 2034 ab
961 1968 1315 2035 Antonino
1349 1990 1403 2034 c.
1441 1978 1479 2036 9
1515 1976 2114 2036 commemoratum
2149 1970 2371 2056 ample
2412 1969 2787 2056 explicasse
2834 1968 3123 2055 singulis

659 2074 971 2141 cantibus
1020 2075 1260 2155 allatis,
1295 2097 1424 2142 nec
1455 2098 1620 2142 vero
1669 2100 1824 2142 eum
1871 2083 2198 2143 tractasse
2232 2075 2498 2143 Cereris
2530 2077 2818 2156 fabulas,
2854 2076 2976 2142 sed
3011 2098 3125 2141 eas

662 2205 828 2268 quas
895 2182 1288 2250 Antoninus
1354 2183 1551 2250 nobis
1618 2183 1900 2250 tradidit
1963 2183 2297 2272 capitibus
2369 2194 2470 2263 10,
2521 2193 2629 2263 24,
2679 2193 2787 2263 25,
2837 2193 3123 2252 27-29.
3237 2252 3248 2263 ‚

658 2291 811 2356 Hac
855 2290 1004 2377 ipsa
1051 2290 1136 2357 de
1184 2313 1405 2371 causa,
1457 2292 1642 2377 quod
1689 2315 1774 2357 ex
1819 2292 1965 2359 Nic.
2015 2297 2169 2381 ἑτερ.
2204 2291 2263 2360 δ’
2309 2293 2523 2359 multo
2571 2293 2800 2380 plures
2848 2292 3122 2358 fabulae

662 2404 823 2464 sunt
857 2398 1233 2486 exscriptae
1268 2422 1469 2485 quam
1502 2421 1586 2464 ex
1617 2399 1957 2486 prioribus
1989 2400 2203 2479 libris,
2252 2400 2419 2466 mihi
2457 2423 2783 2488 apparere
2830 2399 3122 2480 videtur,

661 2507 1240 2593 mythographum
1288 2507 1707 2594 excerpsisse
1744 2507 2127 2573 fabularum
2176 2507 2734 2596 compositionem
2783 2508 3125 2594 quandam

662 2612 931 2679 unicam
1012 2621 1080 2679 et
1156 2613 1570 2693 continuam,
1649 2615 1841 2680 velut
1912 2622 2272 2681 certamen.
2389 2616 2604 2695 Quam
2675 2616 2927 2703 optime
2992 2618 3127 2682 huc

665 2720 1000 2806 quadrant
1045 2727 1151 2786 ter
1197 2721 1396 2787 binae
1442 2722 1714 2788 fabulae
1761 2722 2148 2809 parallelae:
2198 2722 2408 2789 altera
2455 2721 2636 2788 enim
2682 2745 2838 2810 pars
2887 2723 3125 2791 adver·

664 2827 992 2894 sariarum
1040 2828 1342 2895 fabulam
1393 2813 1731 2916 quandam
1780 2829 2045 2908 cecinit,
2102 2830 2312 2896 altera
2356 2852 2539 2897 novo
2587 2824 2898 2918 exemplo
2943 2830 3126 2897 idem

666 2943 1143 3022 argumentum
1213 2937 1429 3024 magis
1501 2936 1876 3003 dilucidum
1941 2937 2226 3003 reddere
2291 2937 2570 3004 studuit.
2637 2939 2844 3030 ‘Plus
2917 2937 3127 3004 semel

663 3050 891 3130 partes
937 3043 1116 3109 inter
1163 3065 1312 3110 sese
1358 3045 1653 3111 variant:
1703 3046 1835 3110 hoc
1875 3045 2320 3111 certaminum
2352 3068 2573 3132 genus
2607 3045 3123 3112 usitatissimum

666 3159 768 3217 est
813 3152 888 3218 in
935 3152 1273 3220 Theocriti
1322 3153 1573 3240 idyllis.

880 3260 1124 3327 Audeo
1201 3260 1272 3326 id
1350 3283 1619 3348 quoque
1698 3261 2075 3339 enucleare,
2172 3282 2498 3346 quasnam
2583 3259 2849 3327 fabulas
2926 3268 3146 3348 poeta

663 3366 905 3433 Pieriis
963 3367 1364 3447 attribuerit,
1422 3392 1589 3456 quas
1637 3369 1872 3434 Musis.
1945 3368 2053 3433 Ac
2109 3368 2344 3455 primis
2402 3368 2676 3454 quidem
2736 3368 3004 3435 duabus
3050 3368 3124 3433 in

669 3474 921 3540 fabulis
990 3475 1215 3562 agitur
1280 3476 1365 3542 de
1428 3476 1728 3542 numinis
1800 3483 2265 3564 contemptore
2335 3476 2592 3563 punito.
2687 3477 2924 3543 Altera
2969 3499 3125 3564 pars

670 3581 961 3669 exempli
996 3560 1214 3668 gratia
1247 3584 1509 3670 profert
1549 3583 1952 3670 Minyadum
2000 3583 2321 3662 fabulam,
2373 3606 2544 3670 quae
2576 3584 2922 3652 Bacchum
2970 3607 3125 3651 con-

668 3689 1089 3775 tempserint,
1134 3713 1541 3777 quamquam
1589 3691 1885 3757 monitae
1933 3690 2098 3769 sint;
2150 3691 2353 3758 deum
2398 3691 2622 3779 ipsum
2670 3699 2828 3758 ante
2858 3692 3126 3758 illarum

671 3797 900 3863 oculos
950 3819 1023 3862 se
1069 3798 1540 3864 manifestasse
1588 3798 1867 3877 artibus,
1915 3805 2061 3864 tum
2129 3820 2242 3863 eas
2308 3798 2677 3886 punivisse.
2770 3799 2853 3864 In
2918 3800 3129 3865 altera

669 3904 902 3970 fabula
950 3927 1116 3991 puer
1163 3904 1436 3990 quidam
1487 3904 1801 3970 Cererem
1848 3905 2085 3970 irridet
2132 3905 2398 3992 iamque
2447 3906 2745 3994 punitur.
2797 3905 2930 3971 Hic
2961 3928 3126 3992 ergo

673 4011 1041 4099 propositio
1085 4011 1326 4077 clarior
1374 4020 1477 4077 est
1518 4012 1784 4078 reddita
1816 4036 1893 4079 ac
1926 4012 2311 4100 simplicior.
2361 4015 2720 4080 Praeterea
2753 4014 2862 4079 hic
2895 4013 3124 4078 suavis

671 4120 787 4184 illa
834 4126 1140 4203 segetum
1193 4118 1428 4205 regina
1473 4120 1921 4206 praedicatur,
1968 4120 2063 4185 ibi
2108 4143 2330 4187 novus
2380 4122 2653 4207 quidam
2701 4122 2867 4186 deus
2915 4120 3126 4185 mirus

671 4235 738 4290 et
769 4226 1004 4291 furens
1043 4227 1258 4291 multo
1292 4249 1444 4291 cum
1481 4227 1767 4314 strepitu
1800 4227 2195 4293 celebratur.
2246 4228 2566 4295 Ascalabi
2613 4250 2775 4314 ergo
2822 4226 3124 4293 fabulam

672 4333 887 4398 Musis
936 4333 1348 4412 victricibuS,
1397 4335 1800 4420 Minyadum
1861 4334 2160 4401 fabulam
2207 4335 2447 4401 Pieriis
2495 4336 2693 4403 victis
2760 4334 3126 4401 attribuere

672 4439 896 4506 velim.
947 4441 1029 4504 In
1064 4441 1357 4506 eundem
1403 4442 1682 4507 modum
1731 4442 2248 4529 distinguuntur
2295 4451 2556 4509 ceterae
2601 4442 2904 4509 fabulae:
2955 4465 3010 4508 c.
3040 4444 3122 4509 25

674 4547 1009 4613 Metioche
1058 4554 1126 4613 et
1173 4547 1493 4635 Menippo
1541 4570 1664 4614 sua
1710 4557 1954 4636 sponte
2012 4572 2084 4615 se
2141 4557 2408 4616 sacrant
2462 4549 2700 4616 inferis
2746 4550 3126 4616 Aoniorum

675 4655 921 4741 gratia3
1012 4677 1248 4721 revera
1333 4655 1732 4735 moriuntur,
1813 4664 2231 4723 mortuarum
2310 4656 2583 4722 miseret
2655 4656 2943 4736 inferos3
3013 4655 3127 4743 qui
