3534 5242
1455 255 1900 312 —21.-

453 487 622 550 quae
668 464 900 550 inepta
956 469 1199 548 atque
1256 461 1533 527 addita
1590 466 1820 527 essent
1866 459 2261 525 eliminavit.
2356 459 2526 524 Mihi
2572 458 2910 524 Antonini

449 572 659 638 verba
690 570 945 657 legenti
979 569 1434 635 offensionem
1475 590 1615 633 non
1648 567 1978 654 praebent
2011 566 2537 653 grammaticam,
2589 565 2907 651 quoniam

449 678 829 767 parataxin:
900 698 1134 743 omnes
1191 675 1475 762 fugisse,
1532 674 1784 743 Jovem
1840 680 1908 739 et
1968 674 2348 739 Minervam
2420 672 2688 739 relictos
2759 694 2907 738 esse

450 787 651 865 solos,
702 785 799 852 sic
845 785 1276 871 interpretor,
1325 782 1576 849 velutsi
1623 789 1857 847 auctor
1898 781 2298 868 scripsisset,
2357 802 2592 846 omnes
2641 787 2907 867 praeter

448 894 697 962 Jovem
746 899 813 958 et
859 892 1238 958 Minervam
1286 889 1567 976 fugisse.
1659 888 1998 954 Nimirum
2047 888 2379 955 artissime
2428 888 2909 974 coniungenda

448 1002 768 1068 videntur
818 1023 971 1066 cum
1019 999 1289 1065 fabulae
1321 997 1688 1085 prooemio.
1767 997 1955 1062 Luce
2003 995 2183 1062 enim
2232 1003 2335 1060 est
2381 995 2625 1061 clarius
2657 995 2705 1061 J
2709 1018 2907 1062 ovem

450 1109 801 1187 restitisse,
870 1130 1024 1174 cum
1091 1106 1459 1193 Typhoeus
1526 1105 1597 1170 in
1654 1104 1800 1170 eius
1864 1105 2013 1170 loco
2072 1126 2359 1189 regnare
2416 1110 2711 1190 cuperet.
2821 1105 2909 1167 Et

448 1217 843 1283 Antoninus
907 1216 1055 1303 ipse
1113 1214 1470 1301 descripsit
1527 1235 1830 1300 pugnam
1894 1212 2079 1277 illam
2134 1212 2181 1278 J
2186 1211 2468 1297 ovisque
2532 1210 2904 1276 victoriam.

450 1324 539 1388 Et
583 1323 814 1410 inepto
862 1323 978 1389 illo
1025 1321 1318 1388 transitu
1364 1323 1668 1393 ἔπειταδὲ
1712 1320 1893 1385 facto
1943 1341 1981 1384 a
2013 1318 2572 1385 conversionibus
2620 1318 2706 1383 ad
2738 1341 2906 1405 pug-

448 1454 606 1497 nam
640 1429 860 1496 rediit.
912 1431 1096 1516 Ergo
1126 1435 1202 1494 ut
1226 1428 1527 1493 fabulam
1559 1428 1923 1493 reddamus
1958 1426 2225 1495 unicam
2260 1433 2461 1511 atque
2494 1425 2905 1504 continuam,

448 1539 616 1624 fuga
676 1537 1170 1622 conversioque
1227 1536 1509 1600 deorum
1567 1540 1668 1599 est
1717 1533 2128 1599 dimovenda
2175 1556 2259 1597 ex
2306 1532 2642 1598 Antonini
2698 1532 2908 1598 fontis

448 1653 798 1712 contextu:
847 1645 982 1710 iam
1031 1642 1258 1709 omnia
1302 1641 1482 1707 inter
1528 1663 1679 1706 sese
1730 1664 1931 1727 quam
1980 1640 2231 1727 optime
2283 1641 2636 1725 quadrant.

664 1752 802 1818 Sed
826 1751 1045 1817 noluit
1063 1750 1283 1816 Bethe
1307 1789 1395 1797 —
1413 1750 1599 1814 haud
1623 1749 1786 1814 satis
1813 1748 1951 1814 scio
1980 1770 2112 1834 qua
2137 1748 2220 1813 de
2247 1770 2449 1813 causa
2468 1788 2556 1798 —-
2580 1751 2708 1815 hoc
2734 1771 2908 1816 com-

447 1882 842 1937 memorare,
892 1859 1093 1924 etiam
1140 1858 1213 1923 in
1260 1857 1663 1944 Apollodori
1711 1856 1873 1922 bibl.
1922 1857 1957 1920 I
1999 1857 2087 1943 ἐξ
2137 1864 2401 1923 39—-44
2448 1856 2626 1922 inter
2671 1857 2908 1942 vulga-

336 2010 341 2019 ·
448 1991 592 2033 rem
637 1966 822 2031 illam
871 1965 1181 2053 Typhoei
1228 1965 1530 2031 fabulam
1577 1963 1990 2030 Hesiodeam
2037 1964 2507 2050 interpositam
2556 1985 2704 2029 esse
2753 1965 2909 2029 deo-

449 2097 599 2140 rum
656 2073 890 2159 fugam
957 2072 1590 2158 conversionesque.
1686 2073 1728 2159 §
1778 2077 1893 2139 41:
1943 2074 2079 2138 θεοὶ
2131 2070 2189 2139 δ’
2214 2076 2303 2145 ὡς
2368 2073 2523 2139 εἶδον
2579 2076 2759 2140 αὐτὸν
2814 2072 2909 2139 ἐπ’

447 2186 700 2271 οὐρανὸν
744 2186 1105 2272 ὁρμώμενον,
1153 2184 1239 2253 εἷς
1279 2181 1564 2264 Αἴγυπτον
1611 2183 1878 2269 φυγάδες
1920 2177 2223 2269 ἐφέροντο,
2273 2184 2371 2247 καὶ
2416 2183 2755 2267 διωκόμενοι
2809 2185 2917 2253 τὰς

448 2292 612 2362 ἶδέας
652 2291 987 2378 μετέβαλον
1045 2293 1131 2360 εἷς
1181 2290 1331 2377 ζῷα.
1426 2291 1585 2361 Ζεὺς
1635 2292 1705 2354 δὲ
1752 2290 1960 2376 πόρρω
2007 2291 2122 2375 μὲν
2178 2289 2321 2353 ὄντα
2378 2291 2631 2375 Τυφῶνα
2692 2288 2911 2374 ἔβαλλε

448 2405 756 2486 κεραυνοῖς
801 2448 815 2459 .
853 2447 864 2459 .
905 2447 917 2459 .
957 2447 971 2459 .
1025 2394 1164 2465 Sed
1209 2396 1340 2461 hoc
1371 2395 1519 2461 loco
1552 2395 1719 2460 haec
1751 2393 2216 2460 conversionis
2250 2394 2481 2460 fabula
2513 2416 2667 2459 cum
2700 2393 2910 2460 altera

445 2512 788 2590 tamquam
838 2511 942 2569 est
988 2509 1337 2569 concocta:
1399 2524 1536 2567 non
1596 2501 1933 2588 expressis
1994 2501 2221 2566 verbis
2277 2509 2589 2566 narratur
2636 2524 2908 2568 omnes

446 2612 706 2698 fugisse
756 2612 942 2689 deOS,
1002 2611 1122 2676 sed
1181 2609 1480 2676 breviter
1525 2613 1673 2690 θεοί,
1730 2611 1915 2675 unde
1974 2610 2347 2675 difficultas
2405 2610 2741 2676 Antonini
2794 2611 2910 2676 illa

449 2718 791 2805 operiatur
836 2726 1071 2783 utrum
1119 2717 1319 2782 etiam
1366 2716 1687 2804 Juppiter
1719 2716 1978 2803 fugerit
2010 2739 2096 2782 an
2129 2739 2297 2795 non3
2349 2717 2595 2784 deinde
2629 2741 2908 2786 conver·

449 2824 675 2890 siones
732 2847 872 2890 non
924 2831 1409 2891 enumerantur
1464 2825 1584 2889 sed
1642 2825 2315 2912 comprehenduntur
2367 2846 2504 2892 uno
2561 2827 2771 2893 verbo
2829 2830 2915 2901 εἷς

446 2935 597 3023 ζῷα,
646 2933 831 2998 unde
864 2933 1032 2998 illud
1068 2939 1365 2998 mentem
1413 2939 1716 2999 nostram
1766 2931 2057 3019 effugiat
2105 2938 2333 2997 utrum
2365 2932 2688 3020 Juppiter
2734 2934 2907 3000 aries

448 3041 537 3106 sit
581 3040 804 3107 factus
853 3063 938 3107 an
985 3062 1145 3106 non.
1240 3040 1499 3126 Aperte
1547 3062 1710 3126 ergo
1757 3039 1850 3118 id,
1916 3041 2097 3125 quod
2146 3040 2229 3105 ab
2277 3040 2631 3106 Antonino
2679 3041 2908 3127 inepte

448 3155 649 3233 atque
680 3148 912 3235 inique
946 3157 1049 3214 est
1096 3148 1554 3227 coniunctum,
1606 3148 1689 3213 ab
1725 3147 2147 3234 Apollodoro
2198 3171 2399 3234 quam
2447 3149 2698 3235 optime
2750 3171 2907 3235 qua-

450 3256 653 3321 drans
681 3256 1022 3322 redditum
1050 3264 1171 3322 est.
1217 3256 1353 3321 Per
1375 3263 1682 3342 tempora
1708 3255 2201 3342 discrepantiae
2220 3255 2375 3320 illae
2396 3263 2557 3320 sunt
2578 3256 2903 3322 elimatae.

509 3362 532 3378 ⁸
659 3363 817 3429 Jam
873 3387 1038 3431 vero
1095 3364 1309 3430 finem
1365 3363 1720 3449 utriusque
1776 3363 2048 3429 fabulae
2097 3372 2564 3452 comparantes
2623 3387 2905 3452 cognos-

448 3470 683 3548 cimuS,
744 3472 922 3558 apud
970 3472 1401 3538 Antoninum
1458 3471 1683 3537 omnia
1738 3472 2151 3538 contendere
2210 3473 2293 3537 ad
2344 3472 2701 3560 Thyphoei
2748 3478 2906 3563 ἀφα-

448 3583 658 3667 νισμόν,
719 3580 953 3665 proelii
1014 3600 1177 3646 vero
1227 3579 1630 3665 singultates
1681 3601 1882 3665 quam
1930 3578 2219 3644 maxime
2268 3579 2551 3659 reticeri,
2612 3586 2679 3645 et
2726 3581 2906 3667 apud

449 3686 766 3752 Ovidium
825 3687 1118 3753 inveniri
1179 3688 1465 3752 eandem
1521 3709 1682 3752 rem.
1787 3688 1975 3753 Haec
2021 3687 2241 3753 Bethe
2302 3696 2483 3753 recte
2539 3687 2903 3775 perspexit.

660 3794 842 3860 Num
875 3817 1038 3860 vero
1072 3794 1426 3880 utriusque
1460 3793 1867 3859 affinitatem
1901 3816 1984 3859 ex
2016 3794 2359 3860 Nicandro
2395 3795 2690 3881 pendere
2725 3802 2906 3861 recte

446 3900 895 3968 affirmaverit
943 3902 1257 3988 equidem
1291 3901 1547 3968 dubito.
1628 3902 1802 3967 Nam
1854 3903 2146 3968 eundem
2194 3906 2520 3991 ἀφανισμόν
2567 3902 2908 3969 enarravit

446 4009 938 4096 Apollodorus;
996 4009 1054 4074 is
1101 4030 1265 4075 vero
1314 4032 1616 4096 pugnam
1660 4009 1877 4097 ipsam
1927 4010 2357 4096 amplissimis
2407 4010 2742 4076 coloribus
2793 4011 2904 4076 de-

446 4116 684 4203 pinxit.
759 4119 847 4182 Et
894 4119 1068 4182 hanc
1115 4117 1355 4204 proelii
1388 4118 1913 4204 descriptionem
1956 4118 2205 4204 pariter
2251 4118 2322 4182 in
2372 4119 2675 4203 singulas
2712 4141 2903 4204 quas-

448 4223 603 4288 dam
658 4224 924 4290 fabulas
983 4224 1260 4289 alteram
1320 4223 1403 4289 ab
1460 4224 1669 4290 altera
1727 4225 2169 4291 abhorrentes
2230 4226 2536 4290 dividere
2604 4246 2903 4311 possum,

447 4336 648 4415 atque
688 4331 1022 4397 Antonini
1069 4338 1271 4418 caput
1302 4341 1417 4398 28:
1469 4333 1511 4419 ξ
1543 4340 1693 4410 41,7
1744 4337 1898 4405 Ζεὺς
1943 4337 2013 4400 δὲ
2060 4337 2266 4421 πόρρω
2306 4337 2419 4423 μὲν
2466 4335 2609 4401 ὄντα
2652 4337 2906 4422 Τυφῶνα

446 4438 667 4524 ἔβαλλε
725 4448 1045 4526 κεραυνοῖς,
1123 4441 1359 4528 πλησίον
1422 4443 1492 4507 δὲ
1551 4443 1860 4529 γενόμενον
1923 4440 2138 4526 fugat,
2204 4440 2354 4506 vice
2425 4464 2590 4506 vero
2659 4440 2907 4506 deinde

448 4566 646 4610 versa
676 4545 724 4612 J
726 4546 996 4633 uppiter
1044 4547 1171 4613 sub
1205 4553 1608 4633 potestatem
1642 4547 1953 4634 Typhoei
1985 4547 2317 4633 redigitur
2364 4554 2431 4614 et
2477 4549 2548 4613 in
2582 4549 2906 4635 spelunca

449 4654 843 4719 custoditur.
933 4655 1139 4721 Unde
1186 4654 1508 4720 liberatus
1565 4656 1607 4742 ἓ
1657 4664 1740 4722 43
1790 4657 2073 4746 ἐξαίφνης
2115 4658 2188 4730 ἐξ
2227 4660 2484 4747 οὐρανοῦ
2531 4660 2624 4724 ἐπὶ
2673 4665 2905 4746 πτηνῶν
