<?xml version="1.0" encoding="UTF-8"?>
<!DOCTYPE html PUBLIC "-//W3C//DTD XHTML 1.0 Transitional//EN"
    "http://www.w3.org/TR/xhtml1/DTD/xhtml1-transitional.dtd">
<html xmlns="http://www.w3.org/1999/xhtml" xml:lang="en" lang="en">
 <head>
  <title>
</title>
<meta http-equiv="Content-Type" content="text/html;charset=utf-8" />
  <meta name='ocr-system' content='tesseract 3.04.00' />
  <meta name='ocr-capabilities' content='ocr_page ocr_carea ocr_par ocr_line ocrx_word'/>
</head>
<body>
  <div class='ocr_page' id='page_1' title='image "./studiaovidianad00laudgoog_0013.png"; bbox 0 0 3534 5242; ppageno 0'>
   <div class='ocr_carea' id='block_1_1' title="bbox 1506 308 1910 365">
    <p class='ocr_par' dir='ltr' id='par_1_1' title="bbox 1506 308 1910 365">
     <span class='ocr_line' id='line_1_1' title="bbox 1506 308 1910 365; baseline -0.002 -18"><span class='ocrx_word' id='word_1_1' title='bbox 1506 308 1910 365; x_wconf 76' lang='lat'><strong>-5-</strong></span> 
     </span>
    </p>
   </div>
   <div class='ocr_carea' id='block_1_2' title="bbox 469 511 3005 4485">
    <p class='ocr_par' dir='ltr' id='par_1_2' title="bbox 473 511 2973 1569">
     <span class='ocr_line' id='line_1_2' title="bbox 476 511 2934 602; baseline -0.002 -20"><span class='ocrx_word' id='word_1_2' title='bbox 476 524 731 595; x_wconf 88' lang='lat' dir='ltr'><strong>rentur,</strong></span> <span class='ocrx_word' id='word_1_3' title='bbox 805 515 1069 602; x_wconf 90' lang='lat' dir='ltr'><strong>qualem</strong></span> <span class='ocrx_word' id='word_1_4' title='bbox 1141 514 1415 580; x_wconf 76' lang='lat' dir='ltr'><strong>exhibet</strong></span> <span class='ocrx_word' id='word_1_5' title='bbox 1484 513 1809 600; x_wconf 84' lang='lat' dir='ltr'>Hyginus</span> <span class='ocrx_word' id='word_1_6' title='bbox 1828 515 1876 600; x_wconf 90' lang='lat'><strong>1)</strong></span> <span class='ocrx_word' id='word_1_7' title='bbox 1946 513 2082 579; x_wconf 82' lang='lat' dir='ltr'><strong>fab.</strong></span> <span class='ocrx_word' id='word_1_8' title='bbox 2134 523 2218 581; x_wconf 86' lang='lat'><strong>38</strong></span> <span class='ocrx_word' id='word_1_9' title='bbox 2292 516 2382 601; x_wconf 92' lang='lat' dir='ltr'><strong>(p.</strong></span> <span class='ocrx_word' id='word_1_10' title='bbox 2434 523 2517 582; x_wconf 82' lang='lat'><strong>68</strong></span> <span class='ocrx_word' id='word_1_11' title='bbox 2576 511 2934 597; x_wconf 85' lang='lat' dir='ltr'><strong>Schmidt).</strong></span> 
     </span>
     <span class='ocr_line' id='line_1_3' title="bbox 477 605 2973 709; baseline -0.002 -20"><span class='ocrx_word' id='word_1_12' title='bbox 477 624 730 689; x_wconf 81' lang='lat' dir='ltr'><strong>Omnes</strong></span> <span class='ocrx_word' id='word_1_13' title='bbox 773 605 1039 689; x_wconf 87' lang='lat' dir='ltr'><strong>labores</strong></span> <span class='ocrx_word' id='word_1_14' title='bbox 1087 644 1304 708; x_wconf 88' lang='lat' dir='ltr'><strong>usque</strong></span> <span class='ocrx_word' id='word_1_15' title='bbox 1337 623 1423 687; x_wconf 90' lang='lat' dir='ltr'><strong>ad</strong></span> <span class='ocrx_word' id='word_1_16' title='bbox 1455 620 1823 687; x_wconf 78' lang='lat' dir='ltr'><strong>Minotauri</strong></span> <span class='ocrx_word' id='word_1_17' title='bbox 1857 643 2094 686; x_wconf 88' lang='lat' dir='ltr'><strong>necem</strong></span> <span class='ocrx_word' id='word_1_18' title='bbox 2141 643 2279 687; x_wconf 92' lang='lat' dir='ltr'><strong>uno</strong></span> <span class='ocrx_word' id='word_1_19' title='bbox 2327 621 2448 687; x_wconf 83' lang='lat' dir='ltr'><strong>filo</strong></span> <span class='ocrx_word' id='word_1_20' title='bbox 2482 628 2644 686; x_wconf 93' lang='lat' dir='ltr'><strong>sunt</strong></span> <span class='ocrx_word' id='word_1_21' title='bbox 2674 619 2936 699; x_wconf 80' lang='lat' dir='ltr'><strong>conexi,</strong></span> <span class='ocrx_word' id='word_1_22' title='bbox 2966 704 2973 709; x_wconf 83' lang='lat'><strong>.</strong></span> 
     </span>
     <span class='ocr_line' id='line_1_4' title="bbox 473 728 2936 814; baseline -0.002 -17"><span class='ocrx_word' id='word_1_23' title='bbox 473 754 614 797; x_wconf 94' lang='lat' dir='ltr'><strong>non</strong></span> <span class='ocrx_word' id='word_1_24' title='bbox 662 738 1228 797; x_wconf 77' lang='lat' dir='ltr'><strong>commemoratur</strong></span> <span class='ocrx_word' id='word_1_25' title='bbox 1263 729 1601 794; x_wconf 86' lang='lat' dir='ltr'><strong>Theseum</strong></span> <span class='ocrx_word' id='word_1_26' title='bbox 1635 735 1793 793; x_wconf 90' lang='lat' dir='ltr'><strong>ante</strong></span> <span class='ocrx_word' id='word_1_27' title='bbox 1825 735 2097 794; x_wconf 90' lang='lat' dir='ltr'><strong>taurum</strong></span> <span class='ocrx_word' id='word_1_28' title='bbox 2128 728 2632 794; x_wconf 89' lang='lat' dir='ltr'><strong>Marathonium</strong></span> <span class='ocrx_word' id='word_1_29' title='bbox 2664 734 2936 814; x_wconf 89' lang='lat' dir='ltr'><strong>captum</strong></span> 
     </span>
     <span class='ocr_line' id='line_1_5' title="bbox 475 835 2937 922; baseline -0.002 -19"><span class='ocrx_word' id='word_1_30' title='bbox 475 837 837 905; x_wconf 72' lang='lat' dir='ltr'><strong>revertisse</strong></span> <span class='ocrx_word' id='word_1_31' title='bbox 893 838 1222 902; x_wconf 90' lang='lat' dir='ltr'><strong>Athenas.</strong></span> <span class='ocrx_word' id='word_1_32' title='bbox 1320 836 1566 902; x_wconf 85' lang='lat' dir='ltr'><strong>Thesei</strong></span> <span class='ocrx_word' id='word_1_33' title='bbox 1620 859 1786 903; x_wconf 87' lang='lat' dir='ltr'><strong>vero</strong></span> <span class='ocrx_word' id='word_1_34' title='bbox 1844 836 2157 914; x_wconf 87' lang='lat' dir='ltr'><strong>reditum,</strong></span> <span class='ocrx_word' id='word_1_35' title='bbox 2219 858 2418 922; x_wconf 87' lang='lat' dir='ltr'><strong>quem</strong></span> <span class='ocrx_word' id='word_1_36' title='bbox 2474 835 2937 922; x_wconf 88' lang='lat' dir='ltr'><strong>Apollodorus</strong></span> 
     </span>
     <span class='ocr_line' id='line_1_6' title="bbox 475 943 2936 1032; baseline -0.001 -22"><span class='ocrx_word' id='word_1_37' title='bbox 475 967 599 1011; x_wconf 93' lang='lat' dir='ltr'><strong>suo</strong></span> <span class='ocrx_word' id='word_1_38' title='bbox 631 946 780 1011; x_wconf 89' lang='lat' dir='ltr'><strong>loco</strong></span> <span class='ocrx_word' id='word_1_39' title='bbox 815 952 969 1032; x_wconf 84' lang='lat' dir='ltr'><strong>post</strong></span> <span class='ocrx_word' id='word_1_40' title='bbox 999 945 1265 1011; x_wconf 90' lang='lat' dir='ltr'><strong>labores</strong></span> <span class='ocrx_word' id='word_1_41' title='bbox 1297 944 1658 1021; x_wconf 80' lang='lat' dir='ltr'><strong>Isthmicos</strong></span> <span class='ocrx_word' id='word_1_42' title='bbox 1698 952 1950 1023; x_wconf 90' lang='lat' dir='ltr'><strong>narrat,</strong></span> <span class='ocrx_word' id='word_1_43' title='bbox 1998 943 2322 1031; x_wconf 85' lang='lat' dir='ltr'><strong>Hyginus</strong></span> <span class='ocrx_word' id='word_1_44' title='bbox 2354 943 2401 1009; x_wconf 87' lang='lat' dir='ltr'><strong>f.</strong></span> <span class='ocrx_word' id='word_1_45' title='bbox 2439 953 2545 1022; x_wconf 89' lang='lat'><strong>37,</strong></span> <span class='ocrx_word' id='word_1_46' title='bbox 2592 943 2936 1010; x_wconf 89' lang='lat' dir='ltr'><strong>Diodorus</strong></span> 
     </span>
     <span class='ocr_line' id='line_1_7' title="bbox 474 1051 2935 1139; baseline -0 -22"><span class='ocrx_word' id='word_1_47' title='bbox 474 1053 576 1117; x_wconf 92' lang='lat' dir='ltr'><strong>IV</strong></span> <span class='ocrx_word' id='word_1_48' title='bbox 645 1062 727 1120; x_wconf 81' lang='lat'><strong>59</strong></span> <span class='ocrx_word' id='word_1_49' title='bbox 793 1052 938 1117; x_wconf 93' lang='lat' dir='ltr'><strong>init.</strong></span> <span class='ocrx_word' id='word_1_50' title='bbox 1042 1053 1505 1139; x_wconf 89' lang='lat' dir='ltr'><strong>Apollodorus</strong></span> <span class='ocrx_word' id='word_1_51' title='bbox 1570 1053 1679 1117; x_wconf 87' lang='lat'><strong>111</strong></span> <span class='ocrx_word' id='word_1_52' title='bbox 1745 1060 1875 1119; x_wconf 82' lang='lat'><strong>216</strong></span> <span class='ocrx_word' id='word_1_53' title='bbox 1950 1059 2107 1117; x_wconf 90' lang='lat' dir='ltr'><strong>ante</strong></span> <span class='ocrx_word' id='word_1_54' title='bbox 2171 1052 2438 1117; x_wconf 89' lang='lat' dir='ltr'><strong>labores</strong></span> <span class='ocrx_word' id='word_1_55' title='bbox 2507 1051 2935 1118; x_wconf 88' lang='lat' dir='ltr'><strong>obumbrant.</strong></span> 
     </span>
     <span class='ocr_line' id='line_1_8' title="bbox 476 1158 2938 1247; baseline -0.001 -22"><span class='ocrx_word' id='word_1_56' title='bbox 476 1159 661 1225; x_wconf 84' lang='lat' dir='ltr'><strong>Fieri</strong></span> <span class='ocrx_word' id='word_1_57' title='bbox 710 1166 933 1246; x_wconf 89' lang='lat' dir='ltr'><strong>potest</strong></span> <span class='ocrx_word' id='word_1_58' title='bbox 978 1168 1054 1225; x_wconf 86' lang='lat' dir='ltr'><strong>ut</strong></span> <span class='ocrx_word' id='word_1_59' title='bbox 1102 1167 1300 1247; x_wconf 87' lang='lat' dir='ltr'><strong>poeta</strong></span> <span class='ocrx_word' id='word_1_60' title='bbox 1349 1183 1432 1224; x_wconf 87' lang='lat' dir='ltr'><strong>ex</strong></span> <span class='ocrx_word' id='word_1_61' title='bbox 1479 1167 1643 1225; x_wconf 88' lang='lat' dir='ltr'><strong>nota</strong></span> <span class='ocrx_word' id='word_1_62' title='bbox 1689 1159 1835 1224; x_wconf 91' lang='lat' dir='ltr'><strong>eius</strong></span> <span class='ocrx_word' id='word_1_63' title='bbox 1869 1158 2140 1245; x_wconf 89' lang='lat' dir='ltr'><strong>generis</strong></span> <span class='ocrx_word' id='word_1_64' title='bbox 2180 1158 2250 1224; x_wconf 92' lang='lat' dir='ltr'><strong>in</strong></span> <span class='ocrx_word' id='word_1_65' title='bbox 2285 1159 2477 1224; x_wconf 83' lang='lat' dir='ltr'><strong>fonte</strong></span> <span class='ocrx_word' id='word_1_66' title='bbox 2511 1167 2778 1246; x_wconf 86' lang='lat' dir='ltr'><strong>reperta</strong></span> <span class='ocrx_word' id='word_1_67' title='bbox 2825 1160 2938 1225; x_wconf 89' lang='lat' dir='ltr'><strong>ad-</strong></span> 
     </span>
     <span class='ocr_line' id='line_1_9' title="bbox 474 1266 2938 1354; baseline -0.001 -20"><span class='ocrx_word' id='word_1_68' title='bbox 474 1273 760 1334; x_wconf 87' lang='lat' dir='ltr'><strong>ventum</strong></span> <span class='ocrx_word' id='word_1_69' title='bbox 824 1267 1051 1333; x_wconf 87' lang='lat' dir='ltr'><strong>herois</strong></span> <span class='ocrx_word' id='word_1_70' title='bbox 1108 1268 1332 1354; x_wconf 90' lang='lat' dir='ltr'><strong>ipsum</strong></span> <span class='ocrx_word' id='word_1_71' title='bbox 1390 1267 1692 1343; x_wconf 87' lang='lat' dir='ltr'><strong>finxerit,</strong></span> <span class='ocrx_word' id='word_1_72' title='bbox 1758 1266 2195 1333; x_wconf 87' lang='lat' dir='ltr'><strong>verisimilius</strong></span> <span class='ocrx_word' id='word_1_73' title='bbox 2259 1288 2424 1331; x_wconf 84' lang='lat' dir='ltr'><strong>vero</strong></span> <span class='ocrx_word' id='word_1_74' title='bbox 2487 1274 2611 1345; x_wconf 87' lang='lat' dir='ltr'><strong>est,</strong></span> <span class='ocrx_word' id='word_1_75' title='bbox 2669 1273 2938 1353; x_wconf 89' lang='lat' dir='ltr'><strong>poetam</strong></span> 
     </span>
     <span class='ocr_line' id='line_1_10' title="bbox 475 1373 2941 1461; baseline -0.001 -21"><span class='ocrx_word' id='word_1_76' title='bbox 475 1375 769 1441; x_wconf 87' lang='lat' dir='ltr'><strong>reditum</strong></span> <span class='ocrx_word' id='word_1_77' title='bbox 817 1375 1124 1440; x_wconf 86' lang='lat' dir='ltr'><strong>hausisse</strong></span> <span class='ocrx_word' id='word_1_78' title='bbox 1173 1397 1256 1439; x_wconf 90' lang='lat' dir='ltr'><strong>ex</strong></span> <span class='ocrx_word' id='word_1_79' title='bbox 1304 1375 1587 1439; x_wconf 86' lang='lat' dir='ltr'><strong>Medeae</strong></span> <span class='ocrx_word' id='word_1_80' title='bbox 1634 1373 2021 1440; x_wconf 80' lang='lat' dir='ltr'><strong>fabularum</strong></span> <span class='ocrx_word' id='word_1_81' title='bbox 2068 1373 2212 1439; x_wconf 89' lang='lat' dir='ltr'><strong>fine</strong></span> <span class='ocrx_word' id='word_1_82' title='bbox 2261 1373 2373 1459; x_wconf 81' lang='lat' dir='ltr'><strong>(cf.</strong></span> <span class='ocrx_word' id='word_1_83' title='bbox 2408 1374 2590 1461; x_wconf 92' lang='lat' dir='ltr'><strong>Apd.</strong></span> <span class='ocrx_word' id='word_1_84' title='bbox 2625 1373 2661 1438; x_wconf 91' lang='grc' dir='ltr'>Ι</span> <span class='ocrx_word' id='word_1_85' title='bbox 2699 1381 2821 1442; x_wconf 87' lang='grc'><strong>147</strong></span> <span class='ocrx_word' id='word_1_86' title='bbox 2872 1380 2941 1438; x_wconf 91' lang='lat' dir='ltr'><strong>et</strong></span> 
     </span>
     <span class='ocr_line' id='line_1_11' title="bbox 476 1482 1500 1569; baseline -0.001 -23"><span class='ocrx_word' id='word_1_87' title='bbox 476 1482 808 1569; x_wconf 87' lang='lat' dir='ltr'><strong>imprimis</strong></span> <span class='ocrx_word' id='word_1_88' title='bbox 856 1482 1059 1548; x_wconf 87' lang='lat' dir='ltr'><strong>Diod.</strong></span> <span class='ocrx_word' id='word_1_89' title='bbox 1108 1482 1211 1547; x_wconf 90' lang='lat' dir='ltr'><strong>IV</strong></span> <span class='ocrx_word' id='word_1_90' title='bbox 1258 1485 1459 1567; x_wconf 83' lang='lat'><strong>55,6.)</strong></span> <span class='ocrx_word' id='word_1_91' title='bbox 1497 1512 1500 1516; x_wconf 42' lang='lat'>*</span> 
     </span>
    </p>

    <p class='ocr_par' dir='ltr' id='par_1_3' title="bbox 469 1587 3005 3398">
     <span class='ocr_line' id='line_1_12' title="bbox 693 1587 2940 1669; baseline 0 -14"><span class='ocrx_word' id='word_1_92' title='bbox 693 1589 906 1669; x_wconf 80' lang='lat' dir='ltr'><strong>Quam</strong></span> <span class='ocrx_word' id='word_1_93' title='bbox 967 1589 1207 1655; x_wconf 87' lang='lat' dir='ltr'><strong>callide</strong></span> <span class='ocrx_word' id='word_1_94' title='bbox 1256 1589 1542 1656; x_wconf 87' lang='lat' dir='ltr'><strong>Ovidius</strong></span> <span class='ocrx_word' id='word_1_95' title='bbox 1597 1590 1864 1655; x_wconf 82' lang='lat' dir='ltr'><strong>fabulas</strong></span> <span class='ocrx_word' id='word_1_96' title='bbox 1915 1589 2189 1655; x_wconf 83' lang='lat' dir='ltr'><strong>aliunde</strong></span> <span class='ocrx_word' id='word_1_97' title='bbox 2234 1587 2599 1667; x_wconf 87' lang='lat' dir='ltr'><strong>induxerit,</strong></span> <span class='ocrx_word' id='word_1_98' title='bbox 2658 1588 2940 1655; x_wconf 88' lang='lat' dir='ltr'><strong>miratur</strong></span> 
     </span>
     <span class='ocr_line' id='line_1_13' title="bbox 471 1696 2939 1784; baseline 0 -23"><span class='ocrx_word' id='word_1_99' title='bbox 471 1696 764 1763; x_wconf 89' lang='lat' dir='ltr'><strong>Kienzle</strong></span> <span class='ocrx_word' id='word_1_100' title='bbox 813 1721 875 1783; x_wconf 91' lang='lat' dir='ltr'><strong>p.</strong></span> <span class='ocrx_word' id='word_1_101' title='bbox 927 1706 1032 1765; x_wconf 85' lang='lat'><strong>43.</strong></span> <span class='ocrx_word' id='word_1_102' title='bbox 1126 1696 1374 1762; x_wconf 87' lang='lat' dir='ltr'><strong>Narrat</strong></span> <span class='ocrx_word' id='word_1_103' title='bbox 1430 1697 1608 1762; x_wconf 92' lang='lat' dir='ltr'><strong>enim</strong></span> <span class='ocrx_word' id='word_1_104' title='bbox 1668 1704 1868 1784; x_wconf 88' lang='lat' dir='ltr'><strong>poeta</strong></span> <span class='ocrx_word' id='word_1_105' title='bbox 1914 1698 2234 1776; x_wconf 87' lang='lat' dir='ltr'><strong>Minoem,</strong></span> <span class='ocrx_word' id='word_1_106' title='bbox 2297 1704 2374 1762; x_wconf 94' lang='lat' dir='ltr'><strong>ut</strong></span> <span class='ocrx_word' id='word_1_107' title='bbox 2419 1696 2777 1783; x_wconf 88' lang='lat' dir='ltr'><strong>Androgei</strong></span> <span class='ocrx_word' id='word_1_108' title='bbox 2821 1720 2939 1762; x_wconf 91' lang='lat' dir='ltr'><strong>ne-</strong></span> 
     </span>
     <span class='ocr_line' id='line_1_14' title="bbox 475 1802 2938 1883; baseline 0 -13"><span class='ocrx_word' id='word_1_109' title='bbox 475 1802 622 1870; x_wconf 82' lang='lat' dir='ltr'><strong>cem</strong></span> <span class='ocrx_word' id='word_1_110' title='bbox 656 1805 1058 1883; x_wconf 88' lang='lat' dir='ltr'><strong>vindicaret,</strong></span> <span class='ocrx_word' id='word_1_111' title='bbox 1091 1805 1629 1870; x_wconf 81' lang='lat' dir='ltr'><strong>Atheniensibus</strong></span> <span class='ocrx_word' id='word_1_112' title='bbox 1664 1804 1915 1870; x_wconf 91' lang='lat' dir='ltr'><strong>bellum</strong></span> <span class='ocrx_word' id='word_1_113' title='bbox 1949 1804 2356 1870; x_wconf 80' lang='lat' dir='ltr'><strong>inferentem</strong></span> <span class='ocrx_word' id='word_1_114' title='bbox 2400 1804 2645 1870; x_wconf 89' lang='lat' dir='ltr'><strong>multas</strong></span> <span class='ocrx_word' id='word_1_115' title='bbox 2677 1804 2938 1870; x_wconf 87' lang='lat' dir='ltr'><strong>insulas</strong></span> 
     </span>
     <span class='ocr_line' id='line_1_15' title="bbox 474 1911 2940 1999; baseline -0 -22"><span class='ocrx_word' id='word_1_116' title='bbox 474 1912 603 1978; x_wconf 91' lang='lat' dir='ltr'><strong>sibi</strong></span> <span class='ocrx_word' id='word_1_117' title='bbox 654 1911 1068 1991; x_wconf 87' lang='lat' dir='ltr'><strong>adiunxisse,</strong></span> <span class='ocrx_word' id='word_1_118' title='bbox 1115 1912 1426 1998; x_wconf 88' lang='lat' dir='ltr'><strong>Aeginae</strong></span> <span class='ocrx_word' id='word_1_119' title='bbox 1474 1919 1699 1978; x_wconf 88' lang='lat' dir='ltr'><strong>autem</strong></span> <span class='ocrx_word' id='word_1_120' title='bbox 1746 1913 2050 1978; x_wconf 89' lang='lat' dir='ltr'><strong>Aeacum</strong></span> <span class='ocrx_word' id='word_1_121' title='bbox 2109 1934 2342 1998; x_wconf 91' lang='lat' dir='ltr'><strong>regem</strong></span> <span class='ocrx_word' id='word_1_122' title='bbox 2390 1911 2766 1999; x_wconf 86' lang='lat' dir='ltr'><strong>reppulisse</strong></span> <span class='ocrx_word' id='word_1_123' title='bbox 2814 1911 2940 1977; x_wconf 90' lang='lat' dir='ltr'><strong>Mi-</strong></span> 
     </span>
     <span class='ocr_line' id='line_1_16' title="bbox 473 2018 2938 2108; baseline 0 -23"><span class='ocrx_word' id='word_1_124' title='bbox 473 2041 676 2085; x_wconf 89' lang='lat' dir='ltr'><strong>noem</strong></span> <span class='ocrx_word' id='word_1_125' title='bbox 726 2020 1048 2085; x_wconf 88' lang='lat' dir='ltr'><strong>auxilium</strong></span> <span class='ocrx_word' id='word_1_126' title='bbox 1085 2027 1446 2107; x_wconf 90' lang='lat' dir='ltr'><strong>petentem.</strong></span> <span class='ocrx_word' id='word_1_127' title='bbox 1521 2020 1609 2101; x_wconf 87' lang='lat' dir='ltr'><strong>„J</strong></span> <span class='ocrx_word' id='word_1_128' title='bbox 1610 2043 1718 2086; x_wconf 86' lang='lat' dir='ltr'><strong>am</strong></span> <span class='ocrx_word' id='word_1_129' title='bbox 1753 2027 2054 2108; x_wconf 87' lang='lat' dir='ltr'><strong>apparet,</strong></span> <span class='ocrx_word' id='word_1_130' title='bbox 2105 2042 2306 2105; x_wconf 90' lang='lat' dir='ltr'><strong>quam</strong></span> <span class='ocrx_word' id='word_1_131' title='bbox 2355 2019 2440 2086; x_wconf 93' lang='lat' dir='ltr'><strong>ob</strong></span> <span class='ocrx_word' id='word_1_132' title='bbox 2475 2041 2615 2084; x_wconf 90' lang='lat' dir='ltr'><strong>rem</strong></span> <span class='ocrx_word' id='word_1_133' title='bbox 2650 2018 2938 2085; x_wconf 86' lang='lat' dir='ltr'><strong>Ovidius</strong></span> 
     </span>
     <span class='ocr_line' id='line_1_17' title="bbox 474 2127 2937 2215; baseline -0 -23"><span class='ocrx_word' id='word_1_134' title='bbox 474 2127 777 2193; x_wconf 91' lang='lat' dir='ltr'><strong>Aeacum</strong></span> <span class='ocrx_word' id='word_1_135' title='bbox 821 2128 1331 2215; x_wconf 83' lang='lat' dir='ltr'><strong>Cephalumque</strong></span> <span class='ocrx_word' id='word_1_136' title='bbox 1364 2128 1729 2194; x_wconf 91' lang='lat' dir='ltr'><strong>induxerit.</strong></span> <span class='ocrx_word' id='word_1_137' title='bbox 1792 2128 2162 2194; x_wconf 89' lang='lat' dir='ltr'><strong>Occasione</strong></span> <span class='ocrx_word' id='word_1_138' title='bbox 2196 2127 2375 2193; x_wconf 88' lang='lat' dir='ltr'><strong>enim</strong></span> <span class='ocrx_word' id='word_1_139' title='bbox 2410 2127 2634 2193; x_wconf 87' lang='lat' dir='ltr'><strong>oblata</strong></span> <span class='ocrx_word' id='word_1_140' title='bbox 2665 2128 2937 2192; x_wconf 88' lang='lat' dir='ltr'><strong>Aeacus</strong></span> 
     </span>
     <span class='ocr_line' id='line_1_18' title="bbox 474 2233 2939 2323; baseline 0.001 -25"><span class='ocrx_word' id='word_1_141' title='bbox 474 2256 629 2299; x_wconf 91' lang='lat' dir='ltr'><strong>cum</strong></span> <span class='ocrx_word' id='word_1_142' title='bbox 675 2234 889 2321; x_wconf 89' lang='lat' dir='ltr'><strong>ipsius</strong></span> <span class='ocrx_word' id='word_1_143' title='bbox 938 2257 1133 2301; x_wconf 91' lang='lat' dir='ltr'><strong>casus</strong></span> <span class='ocrx_word' id='word_1_144' title='bbox 1181 2243 1327 2301; x_wconf 91' lang='lat' dir='ltr'><strong>tum</strong></span> <span class='ocrx_word' id='word_1_145' title='bbox 1359 2236 1871 2323; x_wconf 88' lang='lat' dir='ltr'><strong>Myrmidonum</strong></span> <span class='ocrx_word' id='word_1_146' title='bbox 1921 2242 2143 2301; x_wconf 86' lang='lat' dir='ltr'><strong>ortum</strong></span> <span class='ocrx_word' id='word_1_147' title='bbox 2192 2257 2276 2300; x_wconf 90' lang='lat' dir='ltr'><strong>ex</strong></span> <span class='ocrx_word' id='word_1_148' title='bbox 2307 2233 2608 2301; x_wconf 87' lang='lat' dir='ltr'><strong>formicis</strong></span> <span class='ocrx_word' id='word_1_149' title='bbox 2657 2234 2939 2300; x_wconf 87' lang='lat' dir='ltr'><strong>ductum</strong></span> 
     </span>
     <span class='ocr_line' id='line_1_19' title="bbox 472 2341 2940 2430; baseline -0 -23"><span class='ocrx_word' id='word_1_150' title='bbox 472 2349 702 2407; x_wconf 90' lang='lat' dir='ltr'><strong>narrat</strong></span> <span class='ocrx_word' id='word_1_151' title='bbox 750 2342 915 2427; x_wconf 90' lang='lat' dir='ltr'>(VII</span> <span class='ocrx_word' id='word_1_152' title='bbox 964 2346 1371 2430; x_wconf 82' lang='lat'><strong>523—660),</strong></span> <span class='ocrx_word' id='word_1_153' title='bbox 1443 2342 1783 2430; x_wconf 83' lang='lat' dir='ltr'><strong>Cephalus</strong></span> <span class='ocrx_word' id='word_1_154' title='bbox 1842 2350 2090 2421; x_wconf 91' lang='lat' dir='ltr'><strong>autem,</strong></span> <span class='ocrx_word' id='word_1_155' title='bbox 2161 2365 2316 2409; x_wconf 92' lang='lat' dir='ltr'><strong>cum</strong></span> <span class='ocrx_word' id='word_1_156' title='bbox 2371 2342 2663 2420; x_wconf 78' lang='lat' dir='ltr'><strong>Phocu8‚</strong></span> <span class='ocrx_word' id='word_1_157' title='bbox 2719 2341 2940 2428; x_wconf 86' lang='lat' dir='ltr'><strong>Aegei</strong></span> 
     </span>
     <span class='ocr_line' id='line_1_20' title="bbox 471 2448 2937 2536; baseline 0 -23"><span class='ocrx_word' id='word_1_158' title='bbox 471 2449 680 2528; x_wconf 85' lang='lat' dir='ltr'><strong>filius,</strong></span> <span class='ocrx_word' id='word_1_159' title='bbox 708 2449 1003 2515; x_wconf 89' lang='lat' dir='ltr'><strong>iaculum</strong></span> <span class='ocrx_word' id='word_1_160' title='bbox 1030 2449 1175 2515; x_wconf 91' lang='lat' dir='ltr'><strong>eius</strong></span> <span class='ocrx_word' id='word_1_161' title='bbox 1201 2450 1592 2527; x_wconf 88' lang='lat' dir='ltr'><strong>admiretur,</strong></span> <span class='ocrx_word' id='word_1_162' title='bbox 1617 2449 1983 2528; x_wconf 78' lang='lat' dir='ltr'><strong>ProcridiS,</strong></span> <span class='ocrx_word' id='word_1_163' title='bbox 2019 2473 2058 2516; x_wconf 89' lang='lat' dir='ltr'><strong>a</strong></span> <span class='ocrx_word' id='word_1_164' title='bbox 2086 2471 2217 2535; x_wconf 91' lang='lat' dir='ltr'><strong>qua</strong></span> <span class='ocrx_word' id='word_1_165' title='bbox 2245 2448 2541 2514; x_wconf 88' lang='lat' dir='ltr'><strong>iaculum</strong></span> <span class='ocrx_word' id='word_1_166' title='bbox 2565 2456 2937 2536; x_wconf 88' lang='lat' dir='ltr'><strong>acceperat,</strong></span> 
     </span>
     <span class='ocr_line' id='line_1_21' title="bbox 470 2555 2938 2644; baseline -0 -22"><span class='ocrx_word' id='word_1_167' title='bbox 470 2557 822 2644; x_wconf 91' lang='lat' dir='ltr'><strong>ipsiusque</strong></span> <span class='ocrx_word' id='word_1_168' title='bbox 868 2558 1010 2623; x_wconf 87' lang='lat' dir='ltr'><strong>fata</strong></span> <span class='ocrx_word' id='word_1_169' title='bbox 1057 2557 1316 2644; x_wconf 86' lang='lat' dir='ltr'><strong>profert</strong></span> <span class='ocrx_word' id='word_1_170' title='bbox 1365 2557 1530 2642; x_wconf 88' lang='lat' dir='ltr'><strong>(VII</strong></span> <span class='ocrx_word' id='word_1_171' title='bbox 1579 2562 1977 2644; x_wconf 86' lang='lat'><strong>686—862).</strong></span> <span class='ocrx_word' id='word_1_172' title='bbox 2075 2556 2253 2636; x_wconf 80' lang='lat' dir='ltr'><strong>Quas</strong></span> <span class='ocrx_word' id='word_1_173' title='bbox 2302 2555 2567 2622; x_wconf 79' lang='lat' dir='ltr'><strong>fabulas</strong></span> <span class='ocrx_word' id='word_1_174' title='bbox 2617 2555 2938 2623; x_wconf 88' lang='lat' dir='ltr'><strong>Ovidium</strong></span> 
     </span>
     <span class='ocr_line' id='line_1_22' title="bbox 473 2662 3005 2749; baseline 0 -20"><span class='ocrx_word' id='word_1_175' title='bbox 473 2664 749 2730; x_wconf 90' lang='lat' dir='ltr'><strong>aliunde</strong></span> <span class='ocrx_word' id='word_1_176' title='bbox 805 2664 1175 2730; x_wconf 90' lang='lat' dir='ltr'><strong>inseruisse</strong></span> <span class='ocrx_word' id='word_1_177' title='bbox 1236 2671 1477 2731; x_wconf 85' lang='lat' dir='ltr'><strong>statuo.</strong></span> <span class='ocrx_word' id='word_1_178' title='bbox 1571 2665 1746 2729; x_wconf 88' lang='lat' dir='ltr'><strong>Nam</strong></span> <span class='ocrx_word' id='word_1_179' title='bbox 1793 2687 1934 2731; x_wconf 92' lang='lat' dir='ltr'><strong>non</strong></span> <span class='ocrx_word' id='word_1_180' title='bbox 1981 2664 2184 2731; x_wconf 92' lang='lat' dir='ltr'><strong>modo</strong></span> <span class='ocrx_word' id='word_1_181' title='bbox 2233 2685 2386 2729; x_wconf 88' lang='lat' dir='ltr'><strong>cum</strong></span> <span class='ocrx_word' id='word_1_182' title='bbox 2437 2662 2700 2730; x_wconf 91' lang='lat' dir='ltr'><strong>Theseo</strong></span> <span class='ocrx_word' id='word_1_183' title='bbox 2747 2664 2937 2730; x_wconf 90' lang='lat' dir='ltr'><strong>nullo</strong></span> <span class='ocrx_word' id='word_1_184' title='bbox 2997 2742 3005 2749; x_wconf 26' lang='grc' dir='ltr'>ι</span> 
     </span>
     <span class='ocr_line' id='line_1_23' title="bbox 471 2768 2937 2859; baseline -0 -22"><span class='ocrx_word' id='word_1_185' title='bbox 471 2779 668 2858; x_wconf 88' lang='lat' dir='ltr'><strong>pacto</strong></span> <span class='ocrx_word' id='word_1_186' title='bbox 718 2774 1101 2851; x_wconf 85' lang='lat' dir='ltr'><strong>cohaerent,</strong></span> <span class='ocrx_word' id='word_1_187' title='bbox 1152 2773 1271 2838; x_wconf 90' lang='lat' dir='ltr'><strong>sed</strong></span> <span class='ocrx_word' id='word_1_188' title='bbox 1321 2773 1522 2838; x_wconf 90' lang='lat' dir='ltr'><strong>etiam</strong></span> <span class='ocrx_word' id='word_1_189' title='bbox 1570 2780 1807 2839; x_wconf 86' lang='lat' dir='ltr'><strong>contra</strong></span> <span class='ocrx_word' id='word_1_190' title='bbox 1851 2771 2176 2859; x_wconf 88' lang='lat' dir='ltr'><strong>temporis</strong></span> <span class='ocrx_word' id='word_1_191' title='bbox 2225 2771 2556 2838; x_wconf 89' lang='lat' dir='ltr'><strong>rationem</strong></span> <span class='ocrx_word' id='word_1_192' title='bbox 2598 2768 2937 2857; x_wconf 86' lang='lat' dir='ltr'><strong>Cephalus</strong></span> 
     </span>
     <span class='ocr_line' id='line_1_24' title="bbox 473 2877 2950 2965; baseline 0 -21"><span class='ocrx_word' id='word_1_193' title='bbox 473 2879 838 2958; x_wconf 88' lang='lat' dir='ltr'><strong>inducitur,</strong></span> <span class='ocrx_word' id='word_1_194' title='bbox 875 2879 1179 2945; x_wconf 85' lang='lat' dir='ltr'><strong>Theseus</strong></span> <span class='ocrx_word' id='word_1_195' title='bbox 1215 2887 1438 2946; x_wconf 86' lang='lat' dir='ltr'><strong>autem</strong></span> <span class='ocrx_word' id='word_1_196' title='bbox 1472 2888 1575 2947; x_wconf 86' lang='lat' dir='ltr'><strong>tot</strong></span> <span class='ocrx_word' id='word_1_197' title='bbox 1619 2880 1691 2946; x_wconf 92' lang='lat' dir='ltr'><strong>in</strong></span> <span class='ocrx_word' id='word_1_198' title='bbox 1737 2880 2051 2946; x_wconf 88' lang='lat' dir='ltr'><strong>versibus</strong></span> <span class='ocrx_word' id='word_1_199' title='bbox 2093 2903 2183 2945; x_wconf 90' lang='lat' dir='ltr'><strong>ne</strong></span> <span class='ocrx_word' id='word_1_200' title='bbox 2231 2902 2367 2946; x_wconf 92' lang='lat' dir='ltr'><strong>uno</strong></span> <span class='ocrx_word' id='word_1_201' title='bbox 2403 2878 2676 2965; x_wconf 91' lang='lat' dir='ltr'><strong>quidem</strong></span> <span class='ocrx_word' id='word_1_202' title='bbox 2724 2877 2950 2944; x_wconf 89' lang='lat' dir='ltr'><strong>verbo·</strong></span> 
     </span>
     <span class='ocr_line' id='line_1_25' title="bbox 473 2986 2939 3067; baseline -0.001 -15"><span class='ocrx_word' id='word_1_203' title='bbox 473 2995 1055 3053; x_wconf 88' lang='lat' dir='ltr'><strong>commemoratur.</strong></span> <span class='ocrx_word' id='word_1_204' title='bbox 1151 2987 1507 3067; x_wconf 85' lang='lat' dir='ltr'><strong>Nimirum,</strong></span> <span class='ocrx_word' id='word_1_205' title='bbox 1581 3012 1735 3055; x_wconf 91' lang='lat' dir='ltr'><strong>cum</strong></span> <span class='ocrx_word' id='word_1_206' title='bbox 1795 2987 2216 3054; x_wconf 88' lang='lat' dir='ltr'><strong>narrationes</strong></span> <span class='ocrx_word' id='word_1_207' title='bbox 2272 2987 2422 3052; x_wconf 90' lang='lat' dir='ltr'><strong>illas</strong></span> <span class='ocrx_word' id='word_1_208' title='bbox 2477 2986 2768 3052; x_wconf 87' lang='lat' dir='ltr'><strong>insertas</strong></span> <span class='ocrx_word' id='word_1_209' title='bbox 2828 3008 2939 3053; x_wconf 92' lang='lat' dir='ltr'><strong>ex-</strong></span> 
     </span>
     <span class='ocr_line' id='line_1_26' title="bbox 472 3093 2937 3180; baseline -0.001 -20"><span class='ocrx_word' id='word_1_210' title='bbox 472 3095 741 3173; x_wconf 90' lang='lat' dir='ltr'><strong>coleret,</strong></span> <span class='ocrx_word' id='word_1_211' title='bbox 808 3095 1035 3161; x_wconf 88' lang='lat' dir='ltr'><strong>herois</strong></span> <span class='ocrx_word' id='word_1_212' title='bbox 1084 3095 1370 3162; x_wconf 86' lang='lat' dir='ltr'><strong>Ovidius</strong></span> <span class='ocrx_word' id='word_1_213' title='bbox 1438 3096 1686 3163; x_wconf 91' lang='lat' dir='ltr'><strong>oblitus</strong></span> <span class='ocrx_word' id='word_1_214' title='bbox 1746 3103 1912 3161; x_wconf 84' lang='lat' dir='ltr'><strong>est“.</strong></span> <span class='ocrx_word' id='word_1_215' title='bbox 2007 3093 2445 3161; x_wconf 83' lang='lat' dir='ltr'><strong>Rectissime!</strong></span> <span class='ocrx_word' id='word_1_216' title='bbox 2540 3094 2646 3159; x_wconf 84' lang='lat' dir='ltr'><strong>Ex</strong></span> <span class='ocrx_word' id='word_1_217' title='bbox 2693 3115 2937 3180; x_wconf 89' lang='lat' dir='ltr'><strong>genea-</strong></span> 
     </span>
     <span class='ocr_line' id='line_1_27' title="bbox 469 3201 2938 3290; baseline 0.001 -24"><span class='ocrx_word' id='word_1_218' title='bbox 469 3201 693 3287; x_wconf 85' lang='lat' dir='ltr'><strong>logico</strong></span> <span class='ocrx_word' id='word_1_219' title='bbox 759 3203 1165 3289; x_wconf 92' lang='lat' dir='ltr'><strong>compendio</strong></span> <span class='ocrx_word' id='word_1_220' title='bbox 1214 3204 1381 3270; x_wconf 90' lang='lat' dir='ltr'><strong>haec</strong></span> <span class='ocrx_word' id='word_1_221' title='bbox 1447 3203 1800 3290; x_wconf 84' lang='lat' dir='ltr'><strong>dispositio</strong></span> <span class='ocrx_word' id='word_1_222' title='bbox 1858 3202 2243 3269; x_wconf 86' lang='lat' dir='ltr'><strong>fabularum</strong></span> <span class='ocrx_word' id='word_1_223' title='bbox 2291 3202 2533 3268; x_wconf 86' lang='lat' dir='ltr'><strong>hausta</strong></span> <span class='ocrx_word' id='word_1_224' title='bbox 2591 3223 2740 3267; x_wconf 92' lang='lat' dir='ltr'><strong>esse</strong></span> <span class='ocrx_word' id='word_1_225' title='bbox 2797 3224 2938 3268; x_wconf 89' lang='lat' dir='ltr'><strong>non</strong></span> 
     </span>
     <span class='ocr_line' id='line_1_28' title="bbox 472 3306 1759 3398; baseline 0.002 -25"><span class='ocrx_word' id='word_1_226' title='bbox 472 3315 716 3394; x_wconf 87' lang='lat' dir='ltr'><strong>potest.</strong></span> <span class='ocrx_word' id='word_1_227' title='bbox 811 3309 1058 3376; x_wconf 90' lang='lat' dir='ltr'><strong>Nonne</strong></span> <span class='ocrx_word' id='word_1_228' title='bbox 1106 3333 1271 3377; x_wconf 86' lang='lat' dir='ltr'><strong>vero</strong></span> <span class='ocrx_word' id='word_1_229' title='bbox 1320 3334 1403 3376; x_wconf 89' lang='lat' dir='ltr'><strong>ex</strong></span> <span class='ocrx_word' id='word_1_230' title='bbox 1451 3306 1759 3398; x_wconf 70' lang='lat' dir='ltr'><strong>cyclico?</strong></span> 
     </span>
    </p>

    <p class='ocr_par' dir='ltr' id='par_1_4' title="bbox 469 3416 2940 4485">
     <span class='ocr_line' id='line_1_29' title="bbox 689 3416 2936 3506; baseline 0 -25"><span class='ocrx_word' id='word_1_231' title='bbox 689 3417 1033 3484; x_wconf 90' lang='lat' dir='ltr'><strong>Diodorus</strong></span> <span class='ocrx_word' id='word_1_232' title='bbox 1069 3426 1428 3506; x_wconf 89' lang='lat' dir='ltr'><strong>postquam</strong></span> <span class='ocrx_word' id='word_1_233' title='bbox 1477 3419 1519 3484; x_wconf 94' lang='lat' dir='ltr'><strong>l.</strong></span> <span class='ocrx_word' id='word_1_234' title='bbox 1546 3418 1666 3484; x_wconf 87' lang='lat' dir='ltr'><strong>IV.</strong></span> <span class='ocrx_word' id='word_1_235' title='bbox 1698 3441 1751 3483; x_wconf 92' lang='lat' dir='ltr'><strong>c.</strong></span> <span class='ocrx_word' id='word_1_236' title='bbox 1783 3428 1866 3486; x_wconf 83' lang='lat'><strong>59</strong></span> <span class='ocrx_word' id='word_1_237' title='bbox 1902 3417 2149 3483; x_wconf 89' lang='lat' dir='ltr'><strong>Thesei</strong></span> <span class='ocrx_word' id='word_1_238' title='bbox 2179 3417 2442 3484; x_wconf 88' lang='lat' dir='ltr'><strong>labores</strong></span> <span class='ocrx_word' id='word_1_239' title='bbox 2492 3416 2936 3496; x_wconf 87' lang='lat' dir='ltr'><strong>enumeravit,</strong></span> 
     </span>
     <span class='ocr_line' id='line_1_30' title="bbox 474 3523 2940 3617; baseline 0.002 -30"><span class='ocrx_word' id='word_1_240' title='bbox 474 3523 703 3610; x_wconf 88' lang='lat' dir='ltr'><strong>pergit</strong></span> <span class='ocrx_word' id='word_1_241' title='bbox 749 3547 802 3589; x_wconf 91' lang='lat' dir='ltr'><strong>c.</strong></span> <span class='ocrx_word' id='word_1_242' title='bbox 835 3535 918 3593; x_wconf 84' lang='lat'><strong>60</strong></span> <span class='ocrx_word' id='word_1_243' title='bbox 951 3527 1136 3594; x_wconf 91' lang='lat' dir='ltr'><strong>hisce</strong></span> <span class='ocrx_word' id='word_1_244' title='bbox 1170 3527 1427 3592; x_wconf 89' lang='lat' dir='ltr'><strong>verbis:</strong></span> <span class='ocrx_word' id='word_1_245' title='bbox 1477 3530 1750 3595; x_wconf 82' lang='grc' dir='ltr'><em>Λείπεται</em></span> <span class='ocrx_word' id='word_1_246' title='bbox 1795 3525 1853 3594; x_wconf 89' lang='grc' dir='ltr'><strong>δ’</strong></span> <span class='ocrx_word' id='word_1_247' title='bbox 1872 3531 2004 3617; x_wconf 74' lang='grc' dir='ltr'><em>ἡμῖν</em></span> <span class='ocrx_word' id='word_1_248' title='bbox 2034 3530 2209 3594; x_wconf 79' lang='grc' dir='ltr'><em>εἰπεῖν</em></span> <span class='ocrx_word' id='word_1_249' title='bbox 2241 3531 2373 3616; x_wconf 78' lang='grc' dir='ltr'><em>περὶ</em></span> <span class='ocrx_word' id='word_1_250' title='bbox 2402 3529 2791 3616; x_wconf 79' lang='grc' dir='ltr'><em>Μινωταύρου</em></span> <span class='ocrx_word' id='word_1_251' title='bbox 2837 3532 2940 3593; x_wconf 80' lang='grc' dir='ltr'><em>τοῦ</em></span> 
     </span>
     <span class='ocr_line' id='line_1_31' title="bbox 471 3636 2933 3726; baseline 0 -28"><span class='ocrx_word' id='word_1_252' title='bbox 471 3636 891 3721; x_wconf 71' lang='grc' dir='ltr'><em>ἀναιρεθέντος·</em></span> <span class='ocrx_word' id='word_1_253' title='bbox 940 3638 1054 3701; x_wconf 81' lang='grc' dir='ltr'><strong>ὑπὸ</strong></span> <span class='ocrx_word' id='word_1_254' title='bbox 1121 3639 1384 3726; x_wconf 82' lang='grc' dir='ltr'><strong><em>Θησέως,</em></strong></span> <span class='ocrx_word' id='word_1_255' title='bbox 1442 3638 1534 3702; x_wconf 78' lang='grc' dir='ltr'><strong>ἵνα</strong></span> <span class='ocrx_word' id='word_1_256' title='bbox 1578 3638 2014 3723; x_wconf 81' lang='grc' dir='ltr'><em>συντελέσωμεν</em></span> <span class='ocrx_word' id='word_1_257' title='bbox 2073 3639 2182 3708; x_wconf 85' lang='grc' dir='ltr'><em>τὰς</em></span> <span class='ocrx_word' id='word_1_258' title='bbox 2225 3640 2331 3702; x_wconf 83' lang='grc' dir='ltr'><em>τοῦ</em></span> <span class='ocrx_word' id='word_1_259' title='bbox 2389 3637 2634 3724; x_wconf 80' lang='grc' dir='ltr'><em>Θησέως</em></span> <span class='ocrx_word' id='word_1_260' title='bbox 2677 3636 2933 3724; x_wconf 72' lang='grc' dir='ltr'><em>πράξεις.</em></span> 
     </span>
     <span class='ocr_line' id='line_1_32' title="bbox 471 3740 2936 3834; baseline 0.001 -28"><span class='ocrx_word' id='word_1_261' title='bbox 471 3743 860 3827; x_wconf 76' lang='grc' dir='ltr'><em>ἀναγκαῖον</em></span> <span class='ocrx_word' id='word_1_262' title='bbox 914 3740 971 3809; x_wconf 89' lang='grc' dir='ltr'><strong>δ’</strong></span> <span class='ocrx_word' id='word_1_263' title='bbox 997 3746 1148 3811; x_wconf 77' lang='grc' dir='ltr'><em>ἐστὶ</em></span> <span class='ocrx_word' id='word_1_264' title='bbox 1195 3747 1947 3833; x_wconf 78' lang='grc' dir='ltr'><em>προσαναδραμόντας</em></span> <span class='ocrx_word' id='word_1_265' title='bbox 2006 3750 2152 3816; x_wconf 85' lang='grc' dir='ltr'><em>τοῖς</em></span> <span class='ocrx_word' id='word_1_266' title='bbox 2185 3746 2488 3834; x_wconf 81' lang='grc' dir='ltr'><em>χρόνοις</em></span> <span class='ocrx_word' id='word_1_267' title='bbox 2532 3746 2613 3809; x_wconf 84' lang='grc' dir='ltr'><em>τὰ</em></span> <span class='ocrx_word' id='word_1_268' title='bbox 2671 3768 2936 3830; x_wconf 85' lang='grc' dir='ltr'><em>συμπε-</em></span> 
     </span>
     <span class='ocr_line' id='line_1_33' title="bbox 472 3848 2937 3939; baseline 0 -25"><span class='ocrx_word' id='word_1_269' title='bbox 472 3850 833 3939; x_wconf 77' lang='grc' dir='ltr'><em>πλεγμένα</em></span> <span class='ocrx_word' id='word_1_270' title='bbox 882 3853 1161 3923; x_wconf 81' lang='grc' dir='ltr'><em>τούτοις</em></span> <span class='ocrx_word' id='word_1_271' title='bbox 1208 3853 1572 3918; x_wconf 73' lang='grc' dir='ltr'><em>διελθεῖν.</em></span> <span class='ocrx_word' id='word_1_272' title='bbox 1613 3902 1624 3913; x_wconf 94' lang='grc'><strong><em>.</em></strong></span> <span class='ocrx_word' id='word_1_273' title='bbox 1664 3901 1676 3913; x_wconf 95' lang='grc'><strong><em>.</em></strong></span> <span class='ocrx_word' id='word_1_274' title='bbox 1750 3849 2142 3915; x_wconf 87' lang='lat' dir='ltr'><strong>Secundum</strong></span> <span class='ocrx_word' id='word_1_275' title='bbox 2192 3851 2322 3916; x_wconf 93' lang='lat' dir='ltr'><strong>hoc</strong></span> <span class='ocrx_word' id='word_1_276' title='bbox 2370 3848 2727 3916; x_wconf 88' lang='lat' dir='ltr'><strong>consilium</strong></span> <span class='ocrx_word' id='word_1_277' title='bbox 2774 3848 2937 3914; x_wconf 91' lang='lat' dir='ltr'><strong>Dio-</strong></span> 
     </span>
     <span class='ocr_line' id='line_1_34' title="bbox 472 3955 2936 4043; baseline 0 -23"><span class='ocrx_word' id='word_1_278' title='bbox 472 3955 680 4021; x_wconf 92' lang='lat' dir='ltr'><strong>dorus</strong></span> <span class='ocrx_word' id='word_1_279' title='bbox 730 3956 1008 4043; x_wconf 90' lang='lat' dir='ltr'><strong>stirpem</strong></span> <span class='ocrx_word' id='word_1_280' title='bbox 1051 3958 1298 4023; x_wconf 90' lang='lat' dir='ltr'><strong>Minois</strong></span> <span class='ocrx_word' id='word_1_281' title='bbox 1344 3959 1505 4024; x_wconf 92' lang='lat' dir='ltr'><strong>inde</strong></span> <span class='ocrx_word' id='word_1_282' title='bbox 1554 3981 1592 4023; x_wconf 90' lang='lat' dir='ltr'><strong>a</strong></span> <span class='ocrx_word' id='word_1_283' title='bbox 1622 3958 2040 4024; x_wconf 89' lang='lat' dir='ltr'><strong>Deucalione</strong></span> <span class='ocrx_word' id='word_1_284' title='bbox 2089 3957 2354 4023; x_wconf 88' lang='lat' dir='ltr'><strong>derivat</strong></span> <span class='ocrx_word' id='word_1_285' title='bbox 2400 3979 2614 4043; x_wconf 88' lang='lat' dir='ltr'><strong>usque</strong></span> <span class='ocrx_word' id='word_1_286' title='bbox 2662 3957 2747 4023; x_wconf 87' lang='lat' dir='ltr'><strong>ad</strong></span> <span class='ocrx_word' id='word_1_287' title='bbox 2795 3957 2936 4022; x_wconf 87' lang='lat' dir='ltr'><strong>An-</strong></span> 
     </span>
     <span class='ocr_line' id='line_1_35' title="bbox 473 4061 2937 4151; baseline 0.002 -24"><span class='ocrx_word' id='word_1_288' title='bbox 473 4061 826 4148; x_wconf 88' lang='lat' dir='ltr'><strong>drogeum,</strong></span> <span class='ocrx_word' id='word_1_289' title='bbox 876 4063 1068 4129; x_wconf 90' lang='lat' dir='ltr'><strong>cuius</strong></span> <span class='ocrx_word' id='word_1_290' title='bbox 1115 4087 1284 4130; x_wconf 92' lang='lat' dir='ltr'><strong>nece</strong></span> <span class='ocrx_word' id='word_1_291' title='bbox 1330 4065 1581 4131; x_wconf 91' lang='lat' dir='ltr'><strong>bellum</strong></span> <span class='ocrx_word' id='word_1_292' title='bbox 1618 4065 1851 4132; x_wconf 86' lang='lat' dir='ltr'><strong>oritur.</strong></span> <span class='ocrx_word' id='word_1_293' title='bbox 1923 4064 2036 4131; x_wconf 85' lang='lat' dir='ltr'><strong>Sic</strong></span> <span class='ocrx_word' id='word_1_294' title='bbox 2083 4071 2151 4129; x_wconf 88' lang='lat' dir='ltr'><strong>et</strong></span> <span class='ocrx_word' id='word_1_295' title='bbox 2183 4064 2468 4130; x_wconf 86' lang='lat' dir='ltr'><strong>Ovidius</strong></span> <span class='ocrx_word' id='word_1_296' title='bbox 2505 4071 2659 4151; x_wconf 88' lang='lat' dir='ltr'><strong>post</strong></span> <span class='ocrx_word' id='word_1_297' title='bbox 2690 4064 2937 4131; x_wconf 90' lang='lat' dir='ltr'><strong>Thesei</strong></span> 
     </span>
     <span class='ocr_line' id='line_1_36' title="bbox 470 4169 2934 4259; baseline 0.002 -26"><span class='ocrx_word' id='word_1_298' title='bbox 470 4169 736 4235; x_wconf 89' lang='lat' dir='ltr'><strong>labores</strong></span> <span class='ocrx_word' id='word_1_299' title='bbox 807 4171 969 4236; x_wconf 89' lang='lat' dir='ltr'><strong>belli</strong></span> <span class='ocrx_word' id='word_1_300' title='bbox 1037 4193 1307 4236; x_wconf 88' lang='lat' dir='ltr'><strong>causam</strong></span> <span class='ocrx_word' id='word_1_301' title='bbox 1383 4173 1543 4250; x_wconf 92' lang='lat' dir='ltr'><strong>VII,</strong></span> <span class='ocrx_word' id='word_1_302' title='bbox 1611 4181 1737 4240; x_wconf 84' lang='lat'><strong>457</strong></span> <span class='ocrx_word' id='word_1_303' title='bbox 1812 4195 1909 4259; x_wconf 90' lang='lat' dir='ltr'><strong>sq.</strong></span> <span class='ocrx_word' id='word_1_304' title='bbox 1983 4179 2463 4238; x_wconf 87' lang='lat' dir='ltr'><strong>commemorat</strong></span> <span class='ocrx_word' id='word_1_305' title='bbox 2539 4210 2622 4220; x_wconf 79' lang='lat'><strong>·—</strong></span> <span class='ocrx_word' id='word_1_306' title='bbox 2684 4171 2934 4239; x_wconf 92' lang='lat' dir='ltr'><strong>Minois</strong></span> 
     </span>
     <span class='ocr_line' id='line_1_37' title="bbox 469 4277 2933 4367; baseline 0.002 -25"><span class='ocrx_word' id='word_1_307' title='bbox 469 4277 744 4364; x_wconf 86' lang='lat' dir='ltr'><strong>proavis</strong></span> <span class='ocrx_word' id='word_1_308' title='bbox 810 4278 1083 4364; x_wconf 88' lang='lat' dir='ltr'><strong>quidem</strong></span> <span class='ocrx_word' id='word_1_309' title='bbox 1151 4279 1418 4345; x_wconf 92' lang='lat' dir='ltr'><strong>omissis</strong></span> <span class='ocrx_word' id='word_1_310' title='bbox 1474 4319 1581 4358; x_wconf 94' lang='lat'><strong>—,</strong></span> <span class='ocrx_word' id='word_1_311' title='bbox 1654 4302 1807 4345; x_wconf 89' lang='lat' dir='ltr'><strong>cum</strong></span> <span class='ocrx_word' id='word_1_312' title='bbox 1857 4280 2321 4367; x_wconf 90' lang='lat' dir='ltr'><strong>Apollodorus</strong></span> <span class='ocrx_word' id='word_1_313' title='bbox 2380 4286 2537 4344; x_wconf 87' lang='lat' dir='ltr'><strong>ante</strong></span> <span class='ocrx_word' id='word_1_314' title='bbox 2594 4279 2933 4347; x_wconf 88' lang='lat' dir='ltr'><strong>Theseum</strong></span> 
     </span>
     <span class='ocr_line' id='line_1_38' title="bbox 469 4385 2933 4485; baseline 0.002 -37"><span class='ocrx_word' id='word_1_315' title='bbox 469 4385 578 4449; x_wconf 87' lang='lat'><strong>111</strong></span> <span class='ocrx_word' id='word_1_316' title='bbox 626 4393 755 4453; x_wconf 86' lang='lat'><strong>209</strong></span> <span class='ocrx_word' id='word_1_317' title='bbox 805 4387 926 4451; x_wconf 89' lang='lat' dir='ltr'><strong>has</strong></span> <span class='ocrx_word' id='word_1_318' title='bbox 975 4408 1083 4452; x_wconf 90' lang='lat' dir='ltr'><strong>res</strong></span> <span class='ocrx_word' id='word_1_319' title='bbox 1133 4386 1537 4472; x_wconf 86' lang='lat' dir='ltr'><strong>exposuerit.</strong></span> <span class='ocrx_word' id='word_1_320' title='bbox 1608 4387 1784 4453; x_wconf 90' lang='lat' dir='ltr'><strong>Tum</strong></span> <span class='ocrx_word' id='word_1_321' title='bbox 1824 4387 2171 4454; x_wconf 90' lang='lat' dir='ltr'><strong>Diodorus</strong></span> <span class='ocrx_word' id='word_1_322' title='bbox 2215 4386 2442 4473; x_wconf 86' lang='lat' dir='ltr'><strong>pergit·</strong></span> <span class='ocrx_word' id='word_1_323' title='bbox 2491 4386 2738 4485; x_wconf 86' lang='lat' dir='ltr'><strong>Minois</strong></span> <span class='ocrx_word' id='word_1_324' title='bbox 2784 4412 2933 4476; x_wconf 91' lang='lat' dir='ltr'><strong>pre-</strong></span> 
     </span>
    </p>
   </div>
   <div class='ocr_carea' id='block_1_3' title="bbox 478 4550 899 4557">
    <p class='ocr_par' dir='ltr' id='par_1_5' title="bbox 478 4550 899 4557">
     <span class='ocr_line' id='line_1_39' title="bbox 478 4550 899 4557; baseline 0 685"><span class='ocrx_word' id='word_1_325' title='bbox 478 4550 899 4557; x_wconf 95' lang='lat' dir='ltr'><strong> </strong></span> 
     </span>
    </p>
   </div>
   <div class='ocr_carea' id='block_1_4' title="bbox 469 4635 2934 4801">
    <p class='ocr_par' dir='ltr' id='par_1_6' title="bbox 469 4635 2934 4801">
     <span class='ocr_line' id='line_1_40' title="bbox 686 4635 2934 4709; baseline 0.002 -20"><span class='ocrx_word' id='word_1_326' title='bbox 686 4635 729 4706; x_wconf 86' lang='grc'><strong>1)</strong></span> <span class='ocrx_word' id='word_1_327' title='bbox 768 4636 1060 4691; x_wconf 91' lang='lat' dir='ltr'><strong>Diodorus</strong></span> <span class='ocrx_word' id='word_1_328' title='bbox 1112 4638 1190 4693; x_wconf 91' lang='lat' dir='ltr'><strong>IV</strong></span> <span class='ocrx_word' id='word_1_329' title='bbox 1229 4637 1298 4692; x_wconf 83' lang='lat'><strong>59</strong></span> <span class='ocrx_word' id='word_1_330' title='bbox 1349 4636 1504 4692; x_wconf 88' lang='lat' dir='ltr'><strong>haud</strong></span> <span class='ocrx_word' id='word_1_331' title='bbox 1551 4654 1722 4692; x_wconf 87' lang='lat' dir='ltr'><strong>secus</strong></span> <span class='ocrx_word' id='word_1_332' title='bbox 1771 4643 1947 4709; x_wconf 90' lang='lat' dir='ltr'><strong>atque</strong></span> <span class='ocrx_word' id='word_1_333' title='bbox 1993 4637 2142 4709; x_wconf 91' lang='lat' dir='ltr'><strong>Apd.</strong></span> <span class='ocrx_word' id='word_1_334' title='bbox 2190 4639 2250 4692; x_wconf 91' lang='lat' dir='ltr'><strong>in</strong></span> <span class='ocrx_word' id='word_1_335' title='bbox 2297 4638 2594 4694; x_wconf 85' lang='lat' dir='ltr'><strong>laboribus</strong></span> <span class='ocrx_word' id='word_1_336' title='bbox 2633 4655 2934 4693; x_wconf 88' lang='lat' dir='ltr'><strong>enumera-</strong></span> 
     </span>
     <span class='ocr_line' id='line_1_41' title="bbox 469 4723 2448 4801; baseline 0.003 -24"><span class='ocrx_word' id='word_1_337' title='bbox 469 4723 546 4779; x_wconf 88' lang='lat' dir='ltr'><strong>tis</strong></span> <span class='ocrx_word' id='word_1_338' title='bbox 584 4729 720 4781; x_wconf 84' lang='lat' dir='ltr'><strong>ante</strong></span> <span class='ocrx_word' id='word_1_339' title='bbox 760 4730 994 4780; x_wconf 84' lang='lat' dir='ltr'><strong>taurum</strong></span> <span class='ocrx_word' id='word_1_340' title='bbox 1033 4733 1450 4784; x_wconf 87' lang='lat' dir='ltr'><strong>commemorat</strong></span> <span class='ocrx_word' id='word_1_341' title='bbox 1486 4728 1779 4784; x_wconf 82' lang='lat' dir='ltr'><strong>Theseum</strong></span> <span class='ocrx_word' id='word_1_342' title='bbox 1819 4728 2058 4783; x_wconf 91' lang='lat' dir='ltr'><strong>domum</strong></span> <span class='ocrx_word' id='word_1_343' title='bbox 2095 4730 2448 4801; x_wconf 86' lang='lat' dir='ltr'><strong>pervenisse.</strong></span> 
     </span>
    </p>
   </div>
  </div>
 </body>
</html>
