<?xml version="1.0" encoding="UTF-8"?>
<!DOCTYPE html PUBLIC "-//W3C//DTD XHTML 1.0 Transitional//EN"
    "http://www.w3.org/TR/xhtml1/DTD/xhtml1-transitional.dtd">
<html xmlns="http://www.w3.org/1999/xhtml" xml:lang="en" lang="en">
 <head>
  <title>
</title>
<meta http-equiv="Content-Type" content="text/html;charset=utf-8" />
  <meta name='ocr-system' content='tesseract 3.04.00' />
  <meta name='ocr-capabilities' content='ocr_page ocr_carea ocr_par ocr_line ocrx_word'/>
</head>
<body>
  <div class='ocr_page' id='page_1' title='image "./studiaovidianad00laudgoog_0022.png"; bbox 0 0 3534 5242; ppageno 0'>
   <div class='ocr_carea' id='block_1_1' title="bbox 1611 271 2053 330">
    <p class='ocr_par' dir='ltr' id='par_1_1' title="bbox 1611 271 2053 330">
     <span class='ocr_line' id='line_1_1' title="bbox 1611 271 2053 330; baseline 0 -20"><span class='ocrx_word' id='word_1_1' title='bbox 1611 271 2053 330; x_wconf 78' lang='lat'>—14—</span> 
     </span>
    </p>
   </div>
   <div class='ocr_carea' id='block_1_2' title="bbox 592 475 3062 2279">
    <p class='ocr_par' dir='ltr' id='par_1_2' title="bbox 592 475 3055 652">
     <span class='ocr_line' id='line_1_2' title="bbox 803 475 3055 563; baseline -0.002 -19"><span class='ocrx_word' id='word_1_2' title='bbox 803 480 948 545; x_wconf 88' lang='lat' dir='ltr'>Iam</span> <span class='ocrx_word' id='word_1_3' title='bbox 1016 500 1178 563; x_wconf 88' lang='lat' dir='ltr'>ergo</span> <span class='ocrx_word' id='word_1_4' title='bbox 1254 484 1655 562; x_wconf 87' lang='lat' dir='ltr'>argumenta</span> <span class='ocrx_word' id='word_1_5' title='bbox 1724 476 2147 541; x_wconf 87' lang='lat' dir='ltr'>strictissima</span> <span class='ocrx_word' id='word_1_6' title='bbox 2212 476 2518 542; x_wconf 86' lang='lat' dir='ltr'>attulisse</span> <span class='ocrx_word' id='word_1_7' title='bbox 2592 475 2757 541; x_wconf 92' lang='lat' dir='ltr'>mihi</span> <span class='ocrx_word' id='word_1_8' title='bbox 2815 475 3055 541; x_wconf 88' lang='lat' dir='ltr'>videor</span> 
     </span>
     <span class='ocr_line' id='line_1_3' title="bbox 592 584 2076 652; baseline -0.002 -1"><span class='ocrx_word' id='word_1_9' title='bbox 592 587 819 652; x_wconf 87' lang='lat' dir='ltr'>verbis</span> <span class='ocrx_word' id='word_1_10' title='bbox 870 585 1002 650; x_wconf 90' lang='lat' dir='ltr'>illis</span> <span class='ocrx_word' id='word_1_11' title='bbox 1053 584 1448 651; x_wconf 84' lang='lat' dir='ltr'>Schwartzii</span> <span class='ocrx_word' id='word_1_12' title='bbox 1494 584 1537 649; x_wconf 92' lang='grc'>1.</span> <span class='ocrx_word' id='word_1_13' title='bbox 1589 607 1642 650; x_wconf 88' lang='lat' dir='ltr'>c.</span> <span class='ocrx_word' id='word_1_14' title='bbox 1696 584 1820 649; x_wconf 90' lang='lat' dir='ltr'>col.</span> <span class='ocrx_word' id='word_1_15' title='bbox 1872 593 2076 651; x_wconf 81' lang='lat'>2882:</span> 
     </span>
    </p>

    <p class='ocr_par' dir='ltr' id='par_1_3' title="bbox 592 690 3062 1849">
     <span class='ocr_line' id='line_1_4' title="bbox 813 690 3055 778; baseline -0.002 -20"><span class='ocrx_word' id='word_1_16' title='bbox 813 692 1036 771; x_wconf 90' lang='lat' dir='ltr'>„Weil</span> <span class='ocrx_word' id='word_1_17' title='bbox 1109 691 1295 756; x_wconf 91' lang='lat' dir='ltr'>diese</span> <span class='ocrx_word' id='word_1_18' title='bbox 1366 695 1486 769; x_wconf 92' lang='lat' dir='ltr'>(sc.</span> <span class='ocrx_word' id='word_1_19' title='bbox 1562 691 2007 778; x_wconf 69' lang='lat' dir='ltr'>compendia),</span> <span class='ocrx_word' id='word_1_20' title='bbox 2070 691 2552 778; x_wconf 77' lang='lat' dir='ltr'>urspriinglich</span> <span class='ocrx_word' id='word_1_21' title='bbox 2624 690 3055 755; x_wconf 79' lang='lat' dir='ltr'>Geschichts-</span> 
     </span>
     <span class='ocr_line' id='line_1_5' title="bbox 595 797 3058 885; baseline -0.002 -20"><span class='ocrx_word' id='word_1_22' title='bbox 595 801 853 866; x_wconf 73' lang='lat' dir='ltr'>bucher</span> <span class='ocrx_word' id='word_1_23' title='bbox 901 800 1047 864; x_wconf 89' lang='lat' dir='ltr'>sein</span> <span class='ocrx_word' id='word_1_24' title='bbox 1100 798 1393 876; x_wconf 89' lang='lat' dir='ltr'>wollten‚</span> <span class='ocrx_word' id='word_1_25' title='bbox 1444 821 1670 863; x_wconf 81' lang='lat' dir='ltr'>waren</span> <span class='ocrx_word' id='word_1_26' title='bbox 1719 799 1816 863; x_wconf 91' lang='lat' dir='ltr'>sie</span> <span class='ocrx_word' id='word_1_27' title='bbox 1868 799 2324 885; x_wconf 88' lang='lat' dir='ltr'>pragmatisch</span> <span class='ocrx_word' id='word_1_28' title='bbox 2371 799 2711 884; x_wconf 86' lang='lat' dir='ltr'>gehalten‚</span> <span class='ocrx_word' id='word_1_29' title='bbox 2765 798 2888 862; x_wconf 91' lang='lat' dir='ltr'>wie</span> <span class='ocrx_word' id='word_1_30' title='bbox 2938 797 3058 862; x_wconf 88' lang='lat' dir='ltr'>das</span> 
     </span>
     <span class='ocr_line' id='line_1_6' title="bbox 599 906 3059 985; baseline -0.001 -14"><span class='ocrx_word' id='word_1_31' title='bbox 599 908 836 971; x_wconf 66' lang='lat' dir='ltr'>alteste</span> <span class='ocrx_word' id='word_1_32' title='bbox 886 929 1014 971; x_wconf 89' lang='lat' dir='ltr'>uns</span> <span class='ocrx_word' id='word_1_33' title='bbox 1065 908 1425 985; x_wconf 88' lang='lat' dir='ltr'>bekannte,</span> <span class='ocrx_word' id='word_1_34' title='bbox 1476 907 1648 972; x_wconf 91' lang='lat' dir='ltr'>eben</span> <span class='ocrx_word' id='word_1_35' title='bbox 1699 907 1841 984; x_wconf 80' lang='lat' dir='ltr'>daS‚</span> <span class='ocrx_word' id='word_1_36' title='bbox 1876 906 2166 971; x_wconf 78' lang='lat' dir='ltr'>welches</span> <span class='ocrx_word' id='word_1_37' title='bbox 2208 906 2470 971; x_wconf 87' lang='lat' dir='ltr'>Diodor</span> <span class='ocrx_word' id='word_1_38' title='bbox 2519 907 2860 981; x_wconf 87' lang='lat' dir='ltr'>benutzte‚</span> <span class='ocrx_word' id='word_1_39' title='bbox 2909 927 3059 969; x_wconf 86' lang='lat' dir='ltr'>ver-</span> 
     </span>
     <span class='ocr_line' id='line_1_7' title="bbox 601 1012 3061 1099; baseline -0.001 -22"><span class='ocrx_word' id='word_1_40' title='bbox 601 1020 731 1079; x_wconf 69' lang='lat' dir='ltr'>rat:</span> <span class='ocrx_word' id='word_1_41' title='bbox 785 1014 892 1078; x_wconf 91' lang='lat' dir='ltr'>die</span> <span class='ocrx_word' id='word_1_42' title='bbox 939 1014 1223 1079; x_wconf 89' lang='lat' dir='ltr'>ilischen</span> <span class='ocrx_word' id='word_1_43' title='bbox 1260 1013 1500 1078; x_wconf 82' lang='lat' dir='ltr'>Tafeln</span> <span class='ocrx_word' id='word_1_44' title='bbox 1550 1014 1898 1078; x_wconf 89' lang='lat' dir='ltr'>enthalten</span> <span class='ocrx_word' id='word_1_45' title='bbox 1934 1013 2110 1099; x_wconf 87' lang='lat' dir='ltr'>Sage</span> <span class='ocrx_word' id='word_1_46' title='bbox 2157 1014 2302 1078; x_wconf 89' lang='lat' dir='ltr'>und</span> <span class='ocrx_word' id='word_1_47' title='bbox 2342 1013 2784 1090; x_wconf 82' lang='lat' dir='ltr'>Geschichte;</span> <span class='ocrx_word' id='word_1_48' title='bbox 2832 1012 3061 1076; x_wconf 86' lang='lat' dir='ltr'>ferner</span> 
     </span>
     <span class='ocr_line' id='line_1_8' title="bbox 595 1120 3059 1186; baseline -0 -2"><span class='ocrx_word' id='word_1_49' title='bbox 595 1121 750 1185; x_wconf 90' lang='lat' dir='ltr'>sind</span> <span class='ocrx_word' id='word_1_50' title='bbox 802 1121 909 1185; x_wconf 92' lang='lat' dir='ltr'>die</span> <span class='ocrx_word' id='word_1_51' title='bbox 958 1121 1076 1186; x_wconf 84' lang='lat' dir='ltr'>auf.</span> <span class='ocrx_word' id='word_1_52' title='bbox 1124 1121 1358 1186; x_wconf 90' lang='lat' dir='ltr'>diesen</span> <span class='ocrx_word' id='word_1_53' title='bbox 1394 1120 1634 1186; x_wconf 84' lang='lat' dir='ltr'>Tafeln</span> <span class='ocrx_word' id='word_1_54' title='bbox 1684 1121 1827 1185; x_wconf 92' lang='lat' dir='ltr'>und</span> <span class='ocrx_word' id='word_1_55' title='bbox 1875 1121 1944 1185; x_wconf 94' lang='lat' dir='ltr'>in</span> <span class='ocrx_word' id='word_1_56' title='bbox 1995 1121 2115 1185; x_wconf 90' lang='lat' dir='ltr'>der</span> <span class='ocrx_word' id='word_1_57' title='bbox 2158 1120 2549 1185; x_wconf 87' lang='lat' dir='ltr'>Bibliothek</span> <span class='ocrx_word' id='word_1_58' title='bbox 2581 1120 3059 1185; x_wconf 85' lang='lat' dir='ltr'>vorkommen-</span> 
     </span>
     <span class='ocr_line' id='line_1_9' title="bbox 600 1226 3062 1314; baseline -0.001 -21"><span class='ocrx_word' id='word_1_59' title='bbox 600 1230 732 1293; x_wconf 89' lang='lat' dir='ltr'>den</span> <span class='ocrx_word' id='word_1_60' title='bbox 792 1228 1401 1314; x_wconf 89' lang='lat' dir='ltr'>chronologischen</span> <span class='ocrx_word' id='word_1_61' title='bbox 1449 1228 1846 1305; x_wconf 86' lang='lat' dir='ltr'>Vermerke,</span> <span class='ocrx_word' id='word_1_62' title='bbox 1907 1228 2015 1292; x_wconf 89' lang='lat' dir='ltr'>die</span> <span class='ocrx_word' id='word_1_63' title='bbox 2072 1228 2487 1313; x_wconf 86' lang='lat' dir='ltr'>Benutzung</span> <span class='ocrx_word' id='word_1_64' title='bbox 2550 1228 2672 1292; x_wconf 87' lang='lat' dir='ltr'>der</span> <span class='ocrx_word' id='word_1_65' title='bbox 2717 1226 3062 1291; x_wconf 84' lang='lat' dir='ltr'>Chronika</span> 
     </span>
     <span class='ocr_line' id='line_1_10' title="bbox 592 1335 3060 1421; baseline -0 -21"><span class='ocrx_word' id='word_1_66' title='bbox 592 1337 880 1401; x_wconf 87' lang='lat' dir='ltr'>Kastors</span> <span class='ocrx_word' id='word_1_67' title='bbox 932 1336 1029 1412; x_wconf 89' lang='lat' dir='ltr'>(II</span> <span class='ocrx_word' id='word_1_68' title='bbox 1079 1340 1165 1421; x_wconf 82' lang='lat'>5),</span> <span class='ocrx_word' id='word_1_69' title='bbox 1217 1336 1336 1398; x_wconf 88' lang='lat' dir='ltr'>der</span> <span class='ocrx_word' id='word_1_70' title='bbox 1391 1335 1896 1420; x_wconf 90' lang='lat' dir='ltr'>unleugbare</span> <span class='ocrx_word' id='word_1_71' title='bbox 1952 1335 2665 1421; x_wconf 86' lang='lat' dir='ltr'>Zusammenhang</span> <span class='ocrx_word' id='word_1_72' title='bbox 2726 1336 2868 1399; x_wconf 90' lang='lat' dir='ltr'>der</span> <span class='ocrx_word' id='word_1_73' title='bbox 2924 1358 3060 1421; x_wconf 89' lang='lat' dir='ltr'>ge-</span> 
     </span>
     <span class='ocr_line' id='line_1_11' title="bbox 594 1441 3059 1529; baseline 0.001 -23"><span class='ocrx_word' id='word_1_74' title='bbox 594 1442 1186 1529; x_wconf 88' lang='lat' dir='ltr'>nealogischen</span> <span class='ocrx_word' id='word_1_75' title='bbox 1243 1442 1558 1507; x_wconf 85' lang='lat' dir='ltr'>Reihen</span> <span class='ocrx_word' id='word_1_76' title='bbox 1622 1443 1761 1507; x_wconf 94' lang='lat' dir='ltr'>mit</span> <span class='ocrx_word' id='word_1_77' title='bbox 1831 1443 1981 1506; x_wconf 90' lang='lat' dir='ltr'>den</span> <span class='ocrx_word' id='word_1_78' title='bbox 2043 1441 2438 1521; x_wconf 67' lang='lat' dir='ltr'>[sabellen</span> <span class='ocrx_word' id='word_1_79' title='bbox 2499 1441 2637 1506; x_wconf 92' lang='lat' dir='ltr'>der</span> <span class='ocrx_word' id='word_1_80' title='bbox 2694 1443 3059 1508; x_wconf 91' lang='lat' dir='ltr'>Chrono-</span> 
     </span>
     <span class='ocr_line' id='line_1_12' title="bbox 595 1548 3057 1636; baseline 0 -23"><span class='ocrx_word' id='word_1_81' title='bbox 595 1551 961 1636; x_wconf 86' lang='lat' dir='ltr'>graphen</span> <span class='ocrx_word' id='word_1_82' title='bbox 1019 1549 1278 1615; x_wconf 90' lang='lat' dir='ltr'>sichere</span> <span class='ocrx_word' id='word_1_83' title='bbox 1325 1550 1719 1614; x_wconf 88' lang='lat' dir='ltr'>Anzeichen</span> <span class='ocrx_word' id='word_1_84' title='bbox 1780 1550 1900 1614; x_wconf 86' lang='lat' dir='ltr'>der</span> <span class='ocrx_word' id='word_1_85' title='bbox 1948 1548 2272 1633; x_wconf 85' lang='lat' dir='ltr'>Tendenz</span> <span class='ocrx_word' id='word_1_86' title='bbox 2328 1550 2471 1614; x_wconf 90' lang='lat' dir='ltr'>und</span> <span class='ocrx_word' id='word_1_87' title='bbox 2530 1550 2650 1614; x_wconf 91' lang='lat' dir='ltr'>des</span> <span class='ocrx_word' id='word_1_88' title='bbox 2713 1550 3057 1627; x_wconf 80' lang='lat' dir='ltr'>ZweckeS,</span> 
     </span>
     <span class='ocr_line' id='line_1_13' title="bbox 599 1657 3059 1744; baseline 0 -23"><span class='ocrx_word' id='word_1_89' title='bbox 599 1658 733 1721; x_wconf 93' lang='lat' dir='ltr'>den</span> <span class='ocrx_word' id='word_1_90' title='bbox 795 1657 903 1720; x_wconf 93' lang='lat' dir='ltr'>die</span> <span class='ocrx_word' id='word_1_91' title='bbox 959 1657 1320 1722; x_wconf 85' lang='lat' dir='ltr'>Verfasser</span> <span class='ocrx_word' id='word_1_92' title='bbox 1378 1658 1498 1721; x_wconf 86' lang='lat' dir='ltr'>der</span> <span class='ocrx_word' id='word_1_93' title='bbox 1555 1664 1781 1720; x_wconf 86' lang='lat' dir='ltr'>ersten</span> <span class='ocrx_word' id='word_1_94' title='bbox 1839 1657 2533 1742; x_wconf 88' lang='lat' dir='ltr'>mythographischen</span> <span class='ocrx_word' id='word_1_95' title='bbox 2593 1657 3059 1744; x_wconf 90' lang='lat' dir='ltr'>Compendien</span> 
     </span>
     <span class='ocr_line' id='line_1_14' title="bbox 596 1764 1049 1849; baseline 0 -21"><span class='ocrx_word' id='word_1_96' title='bbox 596 1764 1049 1849; x_wconf 85' lang='lat' dir='ltr'>verfolgten.“</span> 
     </span>
    </p>

    <p class='ocr_par' dir='ltr' id='par_1_4' title="bbox 595 1870 3059 2279">
     <span class='ocr_line' id='line_1_15' title="bbox 809 1870 3057 1957; baseline 0 -22"><span class='ocrx_word' id='word_1_97' title='bbox 809 1871 934 1935; x_wconf 87' lang='lat' dir='ltr'>His</span> <span class='ocrx_word' id='word_1_98' title='bbox 1003 1870 1212 1956; x_wconf 89' lang='lat' dir='ltr'>igitur</span> <span class='ocrx_word' id='word_1_99' title='bbox 1280 1870 1630 1957; x_wconf 81' lang='lat' dir='ltr'>perpensis</span> <span class='ocrx_word' id='word_1_100' title='bbox 1702 1870 1986 1935; x_wconf 91' lang='lat' dir='ltr'>nimium</span> <span class='ocrx_word' id='word_1_101' title='bbox 2055 1870 2375 1935; x_wconf 73' lang='lat' dir='ltr'>tribuisse</span> <span class='ocrx_word' id='word_1_102' title='bbox 2443 1872 2864 1957; x_wconf 83' lang='lat' dir='ltr'>Apollodoro</span> <span class='ocrx_word' id='word_1_103' title='bbox 2932 1893 3057 1936; x_wconf 91' lang='lat' dir='ltr'>suo</span> 
     </span>
     <span class='ocr_line' id='line_1_16' title="bbox 596 1977 3059 2065; baseline 0.001 -25"><span class='ocrx_word' id='word_1_104' title='bbox 596 1978 926 2042; x_wconf 87' lang='lat' dir='ltr'>Betheum</span> <span class='ocrx_word' id='word_1_105' title='bbox 993 1985 1061 2042; x_wconf 88' lang='lat' dir='ltr'>et</span> <span class='ocrx_word' id='word_1_106' title='bbox 1116 1977 1522 2042; x_wconf 88' lang='lat' dir='ltr'>Kienzleum</span> <span class='ocrx_word' id='word_1_107' title='bbox 1580 1977 1712 2042; x_wconf 88' lang='lat' dir='ltr'>iam</span> <span class='ocrx_word' id='word_1_108' title='bbox 1771 1977 1840 2041; x_wconf 92' lang='lat' dir='ltr'>in</span> <span class='ocrx_word' id='word_1_109' title='bbox 1905 1978 2259 2063; x_wconf 88' lang='lat' dir='ltr'>propatulo</span> <span class='ocrx_word' id='word_1_110' title='bbox 2328 1985 2448 2042; x_wconf 91' lang='lat' dir='ltr'>est.</span> <span class='ocrx_word' id='word_1_111' title='bbox 2564 1977 3059 2065; x_wconf 89' lang='lat' dir='ltr'>Compendium</span> 
     </span>
     <span class='ocr_line' id='line_1_17' title="bbox 596 2085 3059 2172; baseline 0 -24"><span class='ocrx_word' id='word_1_112' title='bbox 596 2085 775 2149; x_wconf 92' lang='lat' dir='ltr'>enim</span> <span class='ocrx_word' id='word_1_113' title='bbox 828 2085 1019 2163; x_wconf 88' lang='lat' dir='ltr'>illud,</span> <span class='ocrx_word' id='word_1_114' title='bbox 1071 2108 1203 2171; x_wconf 90' lang='lat' dir='ltr'>quo</span> <span class='ocrx_word' id='word_1_115' title='bbox 1253 2085 1537 2150; x_wconf 88' lang='lat' dir='ltr'>Ovidius</span> <span class='ocrx_word' id='word_1_116' title='bbox 1587 2106 1750 2149; x_wconf 90' lang='lat' dir='ltr'>usus</span> <span class='ocrx_word' id='word_1_117' title='bbox 1801 2093 1922 2162; x_wconf 93' lang='lat' dir='ltr'>est,</span> <span class='ocrx_word' id='word_1_118' title='bbox 1972 2093 2237 2150; x_wconf 90' lang='lat' dir='ltr'>tantum</span> <span class='ocrx_word' id='word_1_119' title='bbox 2285 2086 2477 2151; x_wconf 85' lang='lat' dir='ltr'>abest</span> <span class='ocrx_word' id='word_1_120' title='bbox 2523 2086 2606 2150; x_wconf 90' lang='lat' dir='ltr'>ab</span> <span class='ocrx_word' id='word_1_121' title='bbox 2656 2085 3059 2172; x_wconf 89' lang='lat' dir='ltr'>Apollodori</span> 
     </span>
     <span class='ocr_line' id='line_1_18' title="bbox 595 2191 2991 2279; baseline -0 -22"><span class='ocrx_word' id='word_1_122' title='bbox 595 2191 1020 2269; x_wconf 73' lang='lat' dir='ltr'>bibliotheca,</span> <span class='ocrx_word' id='word_1_123' title='bbox 1071 2201 1147 2256; x_wconf 94' lang='lat' dir='ltr'>ut</span> <span class='ocrx_word' id='word_1_124' title='bbox 1191 2192 1415 2279; x_wconf 92' lang='lat' dir='ltr'>potius</span> <span class='ocrx_word' id='word_1_125' title='bbox 1464 2193 1551 2256; x_wconf 88' lang='lat' dir='ltr'>ad</span> <span class='ocrx_word' id='word_1_126' title='bbox 1600 2192 1978 2257; x_wconf 91' lang='lat' dir='ltr'>Diodorum</span> <span class='ocrx_word' id='word_1_127' title='bbox 2027 2200 2094 2256; x_wconf 89' lang='lat' dir='ltr'>et</span> <span class='ocrx_word' id='word_1_128' title='bbox 2144 2191 2492 2258; x_wconf 74' lang='lat' dir='ltr'>Castorem</span> <span class='ocrx_word' id='word_1_129' title='bbox 2540 2200 2991 2258; x_wconf 88' lang='lat' dir='ltr'>removeatur.</span> 
     </span>
    </p>
   </div>
   <div class='ocr_carea' id='block_1_3' title="bbox 595 2388 3062 4516">
    <p class='ocr_par' dir='ltr' id='par_1_5' title="bbox 595 2388 3062 3312">
     <span class='ocr_line' id='line_1_19' title="bbox 814 2388 3062 2476; baseline 0 -23"><span class='ocrx_word' id='word_1_130' title='bbox 814 2389 1144 2467; x_wconf 80' lang='lat' dir='ltr'>Quoniam</span> <span class='ocrx_word' id='word_1_131' title='bbox 1205 2395 1404 2475; x_wconf 91' lang='lat' dir='ltr'>poeta</span> <span class='ocrx_word' id='word_1_132' title='bbox 1460 2388 1609 2454; x_wconf 93' lang='lat' dir='ltr'>loco</span> <span class='ocrx_word' id='word_1_133' title='bbox 1655 2388 1874 2453; x_wconf 87' lang='lat' dir='ltr'>Urani</span> <span class='ocrx_word' id='word_1_134' title='bbox 1933 2397 1999 2454; x_wconf 92' lang='lat' dir='ltr'>et</span> <span class='ocrx_word' id='word_1_135' title='bbox 2046 2389 2271 2454; x_wconf 81' lang='lat' dir='ltr'>Graeae</span> <span class='ocrx_word' id='word_1_136' title='bbox 2319 2388 2700 2454; x_wconf 81' lang='lat' dir='ltr'>fabularum</span> <span class='ocrx_word' id='word_1_137' title='bbox 2749 2389 3062 2476; x_wconf 88' lang='lat' dir='ltr'>praebuit</span> 
     </span>
     <span class='ocr_line' id='line_1_20' title="bbox 597 2496 3059 2582; baseline 0 -22"><span class='ocrx_word' id='word_1_138' title='bbox 597 2496 1157 2582; x_wconf 90' lang='lat' dir='ltr'>philosophorum</span> <span class='ocrx_word' id='word_1_139' title='bbox 1195 2497 1464 2561; x_wconf 89' lang='lat' dir='ltr'>decreta</span> <span class='ocrx_word' id='word_1_140' title='bbox 1511 2497 1595 2560; x_wconf 90' lang='lat' dir='ltr'>de</span> <span class='ocrx_word' id='word_1_141' title='bbox 1638 2497 1876 2560; x_wconf 91' lang='lat' dir='ltr'>mundi</span> <span class='ocrx_word' id='word_1_142' title='bbox 1925 2496 2185 2582; x_wconf 86' lang='lat' dir='ltr'>origine</span> <span class='ocrx_word' id='word_1_143' title='bbox 2233 2497 2481 2562; x_wconf 86' lang='lat' dir='ltr'>usitata</span> <span class='ocrx_word' id='word_1_144' title='bbox 2528 2504 2595 2561; x_wconf 86' lang='lat' dir='ltr'>et</span> <span class='ocrx_word' id='word_1_145' title='bbox 2642 2497 3059 2563; x_wconf 84' lang='lat' dir='ltr'>coniunctim</span> 
     </span>
     <span class='ocr_line' id='line_1_21' title="bbox 598 2602 3060 2690; baseline -0 -22"><span class='ocrx_word' id='word_1_146' title='bbox 598 2603 951 2668; x_wconf 88' lang='lat' dir='ltr'>hominum</span> <span class='ocrx_word' id='word_1_147' title='bbox 1001 2603 1430 2681; x_wconf 82' lang='lat' dir='ltr'>creationem,</span> <span class='ocrx_word' id='word_1_148' title='bbox 1473 2602 1938 2689; x_wconf 84' lang='lat' dir='ltr'>Theogoniam</span> <span class='ocrx_word' id='word_1_149' title='bbox 1987 2612 2101 2668; x_wconf 91' lang='lat' dir='ltr'>aut</span> <span class='ocrx_word' id='word_1_150' title='bbox 2135 2604 2620 2690; x_wconf 87' lang='lat' dir='ltr'>posterioribus</span> <span class='ocrx_word' id='word_1_151' title='bbox 2658 2604 2824 2670; x_wconf 89' lang='lat' dir='ltr'>locis</span> <span class='ocrx_word' id='word_1_152' title='bbox 2874 2626 3060 2690; x_wconf 91' lang='lat' dir='ltr'>repe-</span> 
     </span>
     <span class='ocr_line' id='line_1_22' title="bbox 595 2710 3058 2798; baseline 0 -24"><span class='ocrx_word' id='word_1_153' title='bbox 595 2718 739 2775; x_wconf 89' lang='lat' dir='ltr'>tere</span> <span class='ocrx_word' id='word_1_154' title='bbox 773 2718 888 2775; x_wconf 90' lang='lat' dir='ltr'>aut-</span> <span class='ocrx_word' id='word_1_155' title='bbox 921 2710 1196 2776; x_wconf 91' lang='lat' dir='ltr'>omnino</span> <span class='ocrx_word' id='word_1_156' title='bbox 1231 2711 1540 2776; x_wconf 86' lang='lat' dir='ltr'>omittere</span> <span class='ocrx_word' id='word_1_157' title='bbox 1574 2718 1717 2776; x_wconf 87' lang='lat' dir='ltr'>erat</span> <span class='ocrx_word' id='word_1_158' title='bbox 1749 2719 2039 2776; x_wconf 88' lang='lat' dir='ltr'>coactus.</span> <span class='ocrx_word' id='word_1_159' title='bbox 2091 2712 2311 2776; x_wconf 90' lang='lat' dir='ltr'>Bethe</span> <span class='ocrx_word' id='word_1_160' title='bbox 2346 2713 2601 2795; x_wconf 90' lang='lat' dir='ltr'>(Herm.</span> <span class='ocrx_word' id='word_1_161' title='bbox 2641 2721 2723 2778; x_wconf 88' lang='lat'>39</span> <span class='ocrx_word' id='word_1_162' title='bbox 2758 2734 2823 2798; x_wconf 90' lang='lat' dir='ltr'>p.</span> <span class='ocrx_word' id='word_1_163' title='bbox 2865 2723 2896 2778; x_wconf 90' lang='lat'>1</span> <span class='ocrx_word' id='word_1_164' title='bbox 2942 2715 3058 2796; x_wconf 82' lang='lat' dir='ltr'>ss,)</span> 
     </span>
     <span class='ocr_line' id='line_1_23' title="bbox 598 2819 3062 2905; baseline 0 -23"><span class='ocrx_word' id='word_1_165' title='bbox 598 2839 719 2882; x_wconf 88' lang='lat' dir='ltr'>sua</span> <span class='ocrx_word' id='word_1_166' title='bbox 752 2826 995 2904; x_wconf 89' lang='lat' dir='ltr'>sponte</span> <span class='ocrx_word' id='word_1_167' title='bbox 1028 2825 1294 2904; x_wconf 88' lang='lat' dir='ltr'>poetam</span> <span class='ocrx_word' id='word_1_168' title='bbox 1330 2826 1524 2904; x_wconf 82' lang='lat' dir='ltr'>putat</span> <span class='ocrx_word' id='word_1_169' title='bbox 1555 2826 1853 2883; x_wconf 87' lang='lat' dir='ltr'>mutasse</span> <span class='ocrx_word' id='word_1_170' title='bbox 1900 2819 2391 2905; x_wconf 85' lang='lat' dir='ltr'>mythologiam</span> <span class='ocrx_word' id='word_1_171' title='bbox 2441 2819 2870 2905; x_wconf 89' lang='lat' dir='ltr'>cosmologia.</span> <span class='ocrx_word' id='word_1_172' title='bbox 2965 2819 3062 2883; x_wconf 93' lang='lat' dir='ltr'>At</span> 
     </span>
     <span class='ocr_line' id='line_1_24' title="bbox 597 2924 3057 3012; baseline 0 -23"><span class='ocrx_word' id='word_1_173' title='bbox 597 2926 882 2989; x_wconf 87' lang='lat' dir='ltr'>eandem</span> <span class='ocrx_word' id='word_1_174' title='bbox 939 2924 1382 2990; x_wconf 82' lang='lat' dir='ltr'>mutationem</span> <span class='ocrx_word' id='word_1_175' title='bbox 1443 2926 1764 2991; x_wconf 85' lang='lat' dir='ltr'>exhibent</span> <span class='ocrx_word' id='word_1_176' title='bbox 1823 2926 2103 2991; x_wconf 86' lang='lat' dir='ltr'>Diodor.</span> <span class='ocrx_word' id='word_1_177' title='bbox 2163 2926 2218 3003; x_wconf 93' lang='lat' dir='ltr'>I,</span> <span class='ocrx_word' id='word_1_178' title='bbox 2250 2937 2283 2993; x_wconf 91' lang='grc'>7</span> <span class='ocrx_word' id='word_1_179' title='bbox 2336 2933 2403 2990; x_wconf 90' lang='lat' dir='ltr'>et</span> <span class='ocrx_word' id='word_1_180' title='bbox 2447 2926 2524 2990; x_wconf 89' lang='lat' dir='ltr'>L.</span> <span class='ocrx_word' id='word_1_181' title='bbox 2575 2926 2931 3012; x_wconf 91' lang='lat' dir='ltr'>Ampelius</span> <span class='ocrx_word' id='word_1_182' title='bbox 2986 2926 3057 2990; x_wconf 89' lang='lat' dir='ltr'>in</span> 
     </span>
     <span class='ocr_line' id='line_1_25' title="bbox 595 3031 3059 3119; baseline -0.001 -21"><span class='ocrx_word' id='word_1_183' title='bbox 595 3033 767 3098; x_wconf 91' lang='lat' dir='ltr'>libro</span> <span class='ocrx_word' id='word_1_184' title='bbox 816 3031 1206 3097; x_wconf 89' lang='lat' dir='ltr'>memoriali.</span> <span class='ocrx_word' id='word_1_185' title='bbox 1301 3032 1656 3119; x_wconf 90' lang='lat' dir='ltr'>Ampelius</span> <span class='ocrx_word' id='word_1_186' title='bbox 1704 3040 1782 3097; x_wconf 86' lang='lat' dir='ltr'>ut</span> <span class='ocrx_word' id='word_1_187' title='bbox 1828 3032 2102 3119; x_wconf 87' lang='lat' dir='ltr'>respicit</span> <span class='ocrx_word' id='word_1_188' title='bbox 2150 3032 2520 3111; x_wconf 83' lang='lat' dir='ltr'>Castorem,</span> <span class='ocrx_word' id='word_1_189' title='bbox 2568 3033 2662 3099; x_wconf 88' lang='lat' dir='ltr'>ita</span> <span class='ocrx_word' id='word_1_190' title='bbox 2710 3032 3059 3098; x_wconf 83' lang='lat' dir='ltr'>Castorem</span> 
     </span>
     <span class='ocr_line' id='line_1_26' title="bbox 598 3138 3058 3226; baseline -0 -21"><span class='ocrx_word' id='word_1_191' title='bbox 598 3140 811 3205; x_wconf 89' lang='lat' dir='ltr'>secuti</span> <span class='ocrx_word' id='word_1_192' title='bbox 845 3139 1180 3204; x_wconf 85' lang='lat' dir='ltr'>Eusebius</span> <span class='ocrx_word' id='word_1_193' title='bbox 1215 3147 1281 3203; x_wconf 90' lang='lat' dir='ltr'>et</span> <span class='ocrx_word' id='word_1_194' title='bbox 1314 3139 1652 3225; x_wconf 80' lang='lat' dir='ltr'>Georgius</span> <span class='ocrx_word' id='word_1_195' title='bbox 1687 3139 1893 3225; x_wconf 84' lang='lat' dir='ltr'>Sync.</span> <span class='ocrx_word' id='word_1_196' title='bbox 1937 3140 2432 3225; x_wconf 85' lang='lat' dir='ltr'>praeterierunt</span> <span class='ocrx_word' id='word_1_197' title='bbox 2475 3140 2548 3204; x_wconf 91' lang='lat' dir='ltr'>in</span> <span class='ocrx_word' id='word_1_198' title='bbox 2597 3139 2819 3226; x_wconf 89' lang='lat' dir='ltr'>operis</span> <span class='ocrx_word' id='word_1_199' title='bbox 2866 3138 3058 3204; x_wconf 88' lang='lat' dir='ltr'>initio</span> 
     </span>
     <span class='ocr_line' id='line_1_27' title="bbox 596 3247 1205 3312; baseline -0.003 0"><span class='ocrx_word' id='word_1_200' title='bbox 596 3247 861 3312; x_wconf 86' lang='lat' dir='ltr'>fabulas</span> <span class='ocrx_word' id='word_1_201' title='bbox 905 3248 1205 3312; x_wconf 89' lang='lat' dir='ltr'>deorum.</span> 
     </span>
    </p>

    <p class='ocr_par' dir='ltr' id='par_1_6' title="bbox 596 3353 3062 4172">
     <span class='ocr_line' id='line_1_28' title="bbox 807 3353 3061 3440; baseline 0 -22"><span class='ocrx_word' id='word_1_202' title='bbox 807 3354 1124 3440; x_wconf 87' lang='lat' dir='ltr'>Denique</span> <span class='ocrx_word' id='word_1_203' title='bbox 1173 3354 1643 3433; x_wconf 80' lang='lat' dir='ltr'>deliberemuS,</span> <span class='ocrx_word' id='word_1_204' title='bbox 1693 3377 1859 3419; x_wconf 90' lang='lat' dir='ltr'>num</span> <span class='ocrx_word' id='word_1_205' title='bbox 1893 3355 2179 3420; x_wconf 90' lang='lat' dir='ltr'>Ovidius</span> <span class='ocrx_word' id='word_1_206' title='bbox 2221 3355 2411 3420; x_wconf 87' lang='lat' dir='ltr'>libris</span> <span class='ocrx_word' id='word_1_207' title='bbox 2445 3355 2628 3419; x_wconf 90' lang='lat' dir='ltr'><strong>XIII</strong></span> <span class='ocrx_word' id='word_1_208' title='bbox 2663 3353 3061 3421; x_wconf 79' lang='lat' dir='ltr'><strong>623—X1V</strong></span> 
     </span>
     <span class='ocr_line' id='line_1_29' title="bbox 600 3461 3057 3549; baseline -0.002 -19"><span class='ocrx_word' id='word_1_209' title='bbox 600 3472 727 3531; x_wconf 83' lang='lat'>608</span> <span class='ocrx_word' id='word_1_210' title='bbox 799 3484 968 3548; x_wconf 90' lang='lat' dir='ltr'>quos</span> <span class='ocrx_word' id='word_1_211' title='bbox 1032 3462 1323 3527; x_wconf 87' lang='lat' dir='ltr'>Kienzle</span> <span class='ocrx_word' id='word_1_212' title='bbox 1364 3463 1551 3537; x_wconf 79' lang='lat' dir='ltr'>diss,</span> <span class='ocrx_word' id='word_1_213' title='bbox 1612 3485 1666 3527; x_wconf 94' lang='lat' dir='ltr'>c.</span> <span class='ocrx_word' id='word_1_214' title='bbox 1717 3464 1753 3526; x_wconf 94' lang='grc' dir='ltr'>Ι</span> <span class='ocrx_word' id='word_1_215' title='bbox 1810 3484 1959 3529; x_wconf 89' lang='lat' dir='ltr'>esse</span> <span class='ocrx_word' id='word_1_216' title='bbox 2030 3470 2336 3549; x_wconf 90' lang='lat' dir='ltr'>sumptos</span> <span class='ocrx_word' id='word_1_217' title='bbox 2405 3485 2486 3527; x_wconf 81' lang='lat' dir='ltr'>ex</span> <span class='ocrx_word' id='word_1_218' title='bbox 2536 3461 2824 3548; x_wconf 88' lang='lat' dir='ltr'>Vergilii</span> <span class='ocrx_word' id='word_1_219' title='bbox 2883 3462 3057 3526; x_wconf 90' lang='lat' dir='ltr'>Aen.</span> 
     </span>
     <span class='ocr_line' id='line_1_30' title="bbox 596 3569 3062 3657; baseline -0.001 -24"><span class='ocrx_word' id='word_1_220' title='bbox 596 3570 869 3634; x_wconf 88' lang='lat' dir='ltr'><strong>I—XII</strong></span> <span class='ocrx_word' id='word_1_221' title='bbox 917 3571 1327 3656; x_wconf 89' lang='lat' dir='ltr'>persuadere</span> <span class='ocrx_word' id='word_1_222' title='bbox 1377 3572 1604 3635; x_wconf 90' lang='lat' dir='ltr'>studet</span> <span class='ocrx_word' id='word_1_223' title='bbox 1651 3571 2061 3657; x_wconf 89' lang='lat' dir='ltr'>legentibus,</span> <span class='ocrx_word' id='word_1_224' title='bbox 2111 3572 2256 3657; x_wconf 91' lang='lat' dir='ltr'>ipse</span> <span class='ocrx_word' id='word_1_225' title='bbox 2306 3570 2668 3636; x_wconf 87' lang='lat' dir='ltr'>mutaverit</span> <span class='ocrx_word' id='word_1_226' title='bbox 2716 3569 3062 3634; x_wconf 87' lang='lat' dir='ltr'>interdum</span> 
     </span>
     <span class='ocr_line' id='line_1_31' title="bbox 598 3676 3061 3764; baseline -0 -24"><span class='ocrx_word' id='word_1_227' title='bbox 598 3677 982 3742; x_wconf 86' lang='lat' dir='ltr'>fabularum</span> <span class='ocrx_word' id='word_1_228' title='bbox 1063 3678 1258 3743; x_wconf 89' lang='lat' dir='ltr'>sedes</span> <span class='ocrx_word' id='word_1_229' title='bbox 1340 3678 1451 3761; x_wconf 91' lang='lat' dir='ltr'>(K.</span> <span class='ocrx_word' id='word_1_230' title='bbox 1503 3701 1566 3763; x_wconf 83' lang='lat' dir='ltr'>p.</span> <span class='ocrx_word' id='word_1_231' title='bbox 1623 3686 1701 3744; x_wconf 82' lang='lat'>12</span> <span class='ocrx_word' id='word_1_232' title='bbox 1753 3679 1937 3762; x_wconf 91' lang='lat' dir='ltr'>adn.)</span> <span class='ocrx_word' id='word_1_233' title='bbox 2015 3678 2297 3764; x_wconf 89' lang='lat' dir='ltr'>ipseque</span> <span class='ocrx_word' id='word_1_234' title='bbox 2365 3676 2730 3741; x_wconf 84' lang='lat' dir='ltr'>inseruerit</span> <span class='ocrx_word' id='word_1_235' title='bbox 2794 3676 3061 3741; x_wconf 87' lang='lat' dir='ltr'>fabulas</span> 
     </span>
     <span class='ocr_line' id='line_1_32' title="bbox 597 3783 3061 3870; baseline -0.001 -22"><span class='ocrx_word' id='word_1_236' title='bbox 597 3783 851 3861; x_wconf 88' lang='lat' dir='ltr'>varias;</span> <span class='ocrx_word' id='word_1_237' title='bbox 928 3791 996 3848; x_wconf 88' lang='lat' dir='ltr'>et</span> <span class='ocrx_word' id='word_1_238' title='bbox 1065 3806 1293 3849; x_wconf 90' lang='lat' dir='ltr'>nonne</span> <span class='ocrx_word' id='word_1_239' title='bbox 1361 3785 1644 3850; x_wconf 87' lang='lat' dir='ltr'>Ovidius</span> <span class='ocrx_word' id='word_1_240' title='bbox 1711 3784 2193 3870; x_wconf 86' lang='lat' dir='ltr'>Vergiliusque</span> <span class='ocrx_word' id='word_1_241' title='bbox 2212 3785 2259 3868; x_wconf 93' lang='grc'>1)</span> <span class='ocrx_word' id='word_1_242' title='bbox 2341 3807 2554 3848; x_wconf 91' lang='lat' dir='ltr'>unum</span> <span class='ocrx_word' id='word_1_243' title='bbox 2633 3784 3061 3868; x_wconf 86' lang='lat' dir='ltr'>eundemque</span> 
     </span>
     <span class='ocr_line' id='line_1_33' title="bbox 598 3890 3060 3975; baseline 0 -22"><span class='ocrx_word' id='word_1_244' title='bbox 598 3890 857 3956; x_wconf 86' lang='lat' dir='ltr'>fontem</span> <span class='ocrx_word' id='word_1_245' title='bbox 917 3899 1032 3956; x_wconf 89' lang='lat' dir='ltr'>aut</span> <span class='ocrx_word' id='word_1_246' title='bbox 1090 3891 1286 3957; x_wconf 89' lang='lat' dir='ltr'>binos</span> <span class='ocrx_word' id='word_1_247' title='bbox 1346 3892 1720 3957; x_wconf 89' lang='lat' dir='ltr'>simillimos</span> <span class='ocrx_word' id='word_1_248' title='bbox 1771 3892 1897 3957; x_wconf 92' lang='lat' dir='ltr'>sub</span> <span class='ocrx_word' id='word_1_249' title='bbox 1947 3891 2257 3957; x_wconf 88' lang='lat' dir='ltr'>manibus</span> <span class='ocrx_word' id='word_1_250' title='bbox 2306 3890 2686 3969; x_wconf 88' lang='lat' dir='ltr'>habuerint,</span> <span class='ocrx_word' id='word_1_251' title='bbox 2748 3912 3060 3975; x_wconf 91' lang='lat' dir='ltr'>compen-</span> 
     </span>
     <span class='ocr_line' id='line_1_34' title="bbox 601 3996 3059 4085; baseline 0 -24"><span class='ocrx_word' id='word_1_252' title='bbox 601 3996 788 4061; x_wconf 87' lang='lat' dir='ltr'>dium</span> <span class='ocrx_word' id='word_1_253' title='bbox 837 3998 986 4063; x_wconf 92' lang='lat' dir='ltr'>dico</span> <span class='ocrx_word' id='word_1_254' title='bbox 1034 3999 1340 4064; x_wconf 82' lang='lat' dir='ltr'>fabulare</span> <span class='ocrx_word' id='word_1_255' title='bbox 1390 4000 1754 4085; x_wconf 89' lang='lat' dir='ltr'>quoddam,</span> <span class='ocrx_word' id='word_1_256' title='bbox 1805 4000 1949 4064; x_wconf 86' lang='lat' dir='ltr'>sive</span> <span class='ocrx_word' id='word_1_257' title='bbox 1997 3998 2181 4064; x_wconf 89' lang='lat' dir='ltr'>aliud</span> <span class='ocrx_word' id='word_1_258' title='bbox 2229 4005 2430 4083; x_wconf 88' lang='lat' dir='ltr'>atque</span> <span class='ocrx_word' id='word_1_259' title='bbox 2476 3998 2645 4063; x_wconf 90' lang='lat' dir='ltr'>illud</span> <span class='ocrx_word' id='word_1_260' title='bbox 2695 3998 2779 4062; x_wconf 85' lang='lat' dir='ltr'>ab</span> <span class='ocrx_word' id='word_1_261' title='bbox 2813 3996 3059 4062; x_wconf 85' lang='lat' dir='ltr'>Ovidio</span> 
     </span>
     <span class='ocr_line' id='line_1_35' title="bbox 597 4104 2165 4172; baseline 0.001 -4"><span class='ocrx_word' id='word_1_262' title='bbox 597 4104 670 4168; x_wconf 90' lang='lat' dir='ltr'>in</span> <span class='ocrx_word' id='word_1_263' title='bbox 719 4105 969 4169; x_wconf 82' lang='lat' dir='ltr'>fabulis</span> <span class='ocrx_word' id='word_1_264' title='bbox 1018 4105 1297 4171; x_wconf 79' lang='lat' dir='ltr'>Graecis</span> <span class='ocrx_word' id='word_1_265' title='bbox 1347 4105 1725 4172; x_wconf 87' lang='lat' dir='ltr'>adhibitum</span> <span class='ocrx_word' id='word_1_266' title='bbox 1773 4106 1918 4171; x_wconf 88' lang='lat' dir='ltr'>sive</span> <span class='ocrx_word' id='word_1_267' title='bbox 1964 4106 2165 4171; x_wconf 90' lang='lat' dir='ltr'>idem.</span> 
     </span>
    </p>

    <p class='ocr_par' dir='ltr' id='par_1_7' title="bbox 598 4210 3062 4516">
     <span class='ocr_line' id='line_1_36' title="bbox 815 4210 3062 4300; baseline -0.001 -22"><span class='ocrx_word' id='word_1_268' title='bbox 815 4213 1161 4279; x_wconf 87' lang='lat' dir='ltr'>Castorem</span> <span class='ocrx_word' id='word_1_269' title='bbox 1242 4235 1348 4279; x_wconf 90' lang='lat' dir='ltr'>res</span> <span class='ocrx_word' id='word_1_270' title='bbox 1418 4214 1763 4279; x_wconf 85' lang='lat' dir='ltr'>Romanas</span> <span class='ocrx_word' id='word_1_271' title='bbox 1841 4213 2204 4300; x_wconf 87' lang='lat' dir='ltr'>protulisse</span> <span class='ocrx_word' id='word_1_272' title='bbox 2282 4219 2560 4300; x_wconf 87' lang='lat' dir='ltr'>apparet</span> <span class='ocrx_word' id='word_1_273' title='bbox 2629 4235 2712 4277; x_wconf 86' lang='lat' dir='ltr'>ex</span> <span class='ocrx_word' id='word_1_274' title='bbox 2782 4210 3062 4276; x_wconf 83' lang='lat' dir='ltr'>Eusebii</span> 
     </span>
     <span class='ocr_line' id='line_1_37' title="bbox 599 4320 3060 4406; baseline -0.002 -19"><span class='ocrx_word' id='word_1_275' title='bbox 599 4321 954 4387; x_wconf 85' lang='lat' dir='ltr'>chronicis.</span> <span class='ocrx_word' id='word_1_276' title='bbox 1050 4323 1154 4386; x_wconf 81' lang='lat' dir='ltr'>Ex</span> <span class='ocrx_word' id='word_1_277' title='bbox 1202 4323 1479 4388; x_wconf 88' lang='lat' dir='ltr'>Castore</span> <span class='ocrx_word' id='word_1_278' title='bbox 1545 4321 1772 4386; x_wconf 87' lang='lat' dir='ltr'>hausit</span> <span class='ocrx_word' id='word_1_279' title='bbox 1826 4322 2066 4398; x_wconf 87' lang='lat' dir='ltr'>Varro,</span> <span class='ocrx_word' id='word_1_280' title='bbox 2126 4321 2316 4386; x_wconf 90' lang='lat' dir='ltr'>cuius</span> <span class='ocrx_word' id='word_1_281' title='bbox 2374 4320 2665 4406; x_wconf 88' lang='lat' dir='ltr'>vestigia</span> <span class='ocrx_word' id='word_1_282' title='bbox 2725 4320 2795 4384; x_wconf 92' lang='lat' dir='ltr'>in</span> <span class='ocrx_word' id='word_1_283' title='bbox 2851 4321 3060 4384; x_wconf 88' lang='lat' dir='ltr'>Meta·</span> 
     </span>
     <span class='ocr_line' id='line_1_38' title="bbox 598 4427 3058 4516; baseline -0.001 -23"><span class='ocrx_word' id='word_1_284' title='bbox 598 4431 1053 4516; x_wconf 90' lang='lat' dir='ltr'>morphoseon</span> <span class='ocrx_word' id='word_1_285' title='bbox 1111 4429 1299 4494; x_wconf 91' lang='lat' dir='ltr'>libris</span> <span class='ocrx_word' id='word_1_286' title='bbox 1347 4429 1834 4516; x_wconf 87' lang='lat' dir='ltr'>posterioribus</span> <span class='ocrx_word' id='word_1_287' title='bbox 1886 4451 2087 4514; x_wconf 88' lang='lat' dir='ltr'>quam</span> <span class='ocrx_word' id='word_1_288' title='bbox 2144 4428 2534 4515; x_wconf 86' lang='lat' dir='ltr'>saepissime</span> <span class='ocrx_word' id='word_1_289' title='bbox 2594 4427 3058 4493; x_wconf 89' lang='lat' dir='ltr'>inveniuntur.</span> 
     </span>
    </p>
   </div>
   <div class='ocr_carea' id='block_1_4' title="bbox 604 4560 1028 4566">
    <p class='ocr_par' dir='ltr' id='par_1_8' title="bbox 604 4560 1028 4566">
     <span class='ocr_line' id='line_1_39' title="bbox 604 4560 1028 4566; baseline 0 0"><span class='ocrx_word' id='word_1_290' title='bbox 604 4560 1028 4566; x_wconf 95' lang='lat' dir='ltr'> </span> 
     </span>
    </p>
   </div>
   <div class='ocr_carea' id='block_1_5' title="bbox 813 4607 2053 4678">
    <p class='ocr_par' dir='ltr' id='par_1_9' title="bbox 813 4607 2053 4678">
     <span class='ocr_line' id='line_1_40' title="bbox 813 4607 2053 4678; baseline -0.001 -18"><span class='ocrx_word' id='word_1_291' title='bbox 813 4609 859 4675; x_wconf 84' lang='lat'>1)</span> <span class='ocrx_word' id='word_1_292' title='bbox 898 4607 968 4661; x_wconf 85' lang='lat' dir='ltr'>cf.</span> <span class='ocrx_word' id='word_1_293' title='bbox 1010 4607 1193 4660; x_wconf 85' lang='lat' dir='ltr'>Kroll.</span> <span class='ocrx_word' id='word_1_294' title='bbox 1234 4608 1425 4662; x_wconf 83' lang='lat' dir='ltr'>Fleck.</span> <span class='ocrx_word' id='word_1_295' title='bbox 1473 4607 1670 4678; x_wconf 84' lang='lat' dir='ltr'>Suppl.</span> <span class='ocrx_word' id='word_1_296' title='bbox 1712 4608 1796 4674; x_wconf 82' lang='lat'>27,</span> <span class='ocrx_word' id='word_1_297' title='bbox 1839 4608 1937 4660; x_wconf 90' lang='grc'>161</span> <span class='ocrx_word' id='word_1_298' title='bbox 1980 4625 2053 4661; x_wconf 83' lang='lat' dir='ltr'>ss.</span> 
     </span>
    </p>
   </div>
  </div>
 </body>
</html>
