3534 5242
1580 282 2031 339 -10-

577 511 776 574 quam
825 488 1159 554 artissime
1207 489 1627 566 coniunctae,
1689 511 1819 554 nec
1876 497 2036 554 sunt
2094 489 2177 555 ab
2226 496 2514 575 utroque
2572 487 2899 573 scriptore
2955 510 3039 552 ex

575 594 993 681 genealogiis
1050 593 1522 682 Apollodoreis
1572 596 2008 682 compositae.
2125 597 2305 662 Num
2362 618 2526 661 vero
2573 595 2919 661 Diodorus
2974 601 3042 658 et

537 702 862 767 ’Ovidius
912 726 1122 768 unum
1170 703 1432 769 fontem
1480 703 1848 790 respiciant
1895 703 2059 768 mihi
2109 725 2432 789 perquam
2481 710 2583 767 est
2632 701 2934 766 dubium.

790 809 1139 875 Habemus
1187 833 1350 876 vero
1395 810 1711 896 graviora
1758 818 2180 896 argumenta,
2232 809 2476 894 quibus
2525 809 2850 895 probetur
2883 808 3039 874 Ovi·

576 918 762 982 dium
809 918 1162 1004 ignorasse
1212 923 1568 982 stemmata
1613 916 2038 1003 Apollodori.

788 1024 1250 1110 Apollodorus
1301 1024 1399 1108 (II
1446 1033 1476 1090 1
1531 1028 1646 1109 ss.)
1693 1025 1930 1089 Ionem
1979 1023 2192 1089 filiam
2241 1024 2536 1110 appellat
2568 1023 2724 1101 Iasi,
2775 1023 2891 1108 qui
2939 1031 3042 1087 est

575 1132 903 1218 septimus
954 1139 1108 1218 post
1165 1133 1494 1196 Inachum
1544 1130 1860 1204 fluvium,
1935 1130 2221 1195 Ovidius
2280 1131 2494 1196 filiam
2541 1131 2779 1196 Inachi
2824 1130 3038 1216 ipsius

575 1242 786 1321 (mett.
837 1239 872 1302 I
922 1248 1049 1306 583
1099 1242 1239 1322 ss.).
1287 1238 1611 1324 Hyginus
1661 1245 1733 1302 ut
1783 1238 1829 1301 f..
1887 1248 2010 1305 155
2060 1241 2148 1324 (p.
2192 1247 2293 1314 13,
2342 1246 2383 1305 4
2419 1237 2753 1324 Schmidt)
2801 1239 3039 1303 Ionem

574 1347 873 1433 appellat
903 1347 1140 1412 Inachi
1187 1347 1422 1422 filiam,
1472 1346 1566 1411 ita
1613 1353 1912 1410 ceterum
1956 1346 2143 1411 Ionis
2193 1346 2472 1432 stirpem
2509 1346 3040 1432 Apollodoream

583 1456 852 1520 videtur
901 1455 1175 1520 novisse
1224 1454 1336 1538 (cf.
1388 1440 1571 1518 deor.
1623 1454 1814 1518 catal.
1867 1477 1930 1540 p.
1988 1462 2089 1530 11,
2146 1464 2257 1531 10;
2306 1454 2441 1519 fab.
2499 1463 2623 1521 143
2673 1462 2738 1519 et
2794 1462 2917 1521 145
2955 1484 3036 1511 =

577 1586 640 1649 p.
693 1572 776 1630 23
827 1585 924 1647 sq.
977 1561 1249 1647 Schm.).

795 1670 1118 1755 Hyginus
1184 1669 1395 1755 igitur
1462 1668 1652 1753 quasi
1707 1654 2136 1733 coniunctam
2185 1669 2461 1755 praebet
2508 1668 2909 1755 Apollodori
2975 1675 3043 1734 et

578 1777 807 1843 Ovidii
852 1776 1258 1854 versionem,
1306 1776 1401 1840 ita
1446 1784 1673 1841 tamen
1733 1782 1809 1840 ut
1856 1798 2010 1840 eum
2060 1776 2144 1840 ad
2195 1775 2514 1840 Ovidium
2564 1776 2841 1863 propius
2889 1799 3039 1841 ver-

576 1908 737 1970 gere
787 1907 986 1969 quam
1046 1884 1131 1948 ad
1188 1883 1683 1970 Apollodorum
1744 1891 2090 1969 appareat:
2161 1884 2337 1969 apud
2398 1885 2583 1948 hunc
2638 1883 2820 1948 enim
2869 1905 3038 1969 gens

573 1992 812 2056 Inachi
880 1991 1039 2056 inde
1106 2014 1145 2056 a
1190 1991 1411 2056 Nioba
1471 1991 1801 2056 dividitur
1859 1990 1936 2054 in
2005 1992 2140 2055 duo
2209 2013 2482 2076 genera,
2547 1991 2687 2056 scil.
2739 1991 2914 2077 Argi
2972 2000 3042 2056 et

576 2099 865 2184 Pelasgi,
901 2107 976 2163 ut
998 2099 1074 2164 Io
1102 2120 1237 2163 non
1264 2105 1401 2162 tam
1428 2098 1516 2162 sit
1541 2097 1904 2184 progenies
1937 2097 2174 2163 Inachi
2210 2120 2409 2183 quam
2437 2098 2644 2184 Argi3
2681 2098 3038 2184 Hyginum

575 2229 736 2272 vero
770 2206 957 2271 Ionis
994 2205 1436 2291 propaginem
1485 2206 1569 2270 ab
1616 2206 1872 2270 Inacho
1905 2204 2123 2270 fluvio
2172 2206 2626 2271 deducentem
2673 2206 2845 2291 Argi
2889 2229 3039 2292 pro-

575 2313 846 2400 geniem
893 2313 1334 2379 dividendam
1381 2335 1521 2378 non
1569 2334 1842 2377 curasse
1889 2318 2169 2399 apparet
2217 2335 2301 2377 ex
2346 2312 2512 2378 locis
2561 2314 2801 2378 citatis

788 2421 1026 2505 Neque
1058 2420 1268 2505 igitur
1301 2419 1586 2485 Ovidius
1628 2442 1852 2505 neque
1882 2420 2207 2506 Hyginus
2257 2429 2703 2507 respexerunt
2736 2421 3037 2508 stirpem,

576 2552 775 2615 quam
824 2528 1104 2614 praebet
1135 2527 1614 2613 Apollodorus.
1694 2527 1766 2592 Is
1815 2549 1978 2593 vero
2026 2528 2171 2613 ipse
2214 2529 2578 2615 profitetur
2623 2529 2761 2596 112
2811 2530 3037 2594 Pelas-

575 2659 760 2722 gum,
809 2635 1047 2701 Niobis
1082 2636 1301 2701 filium
1335 2635 1510 2720 Argi
1543 2636 1846 2713 fratrem,
1895 2635 2134 2700 fictum
2184 2658 2334 2701 esse
2382 2637 2465 2702 ab
2499 2636 2844 2714 Acusilao,
2891 2637 2964 2700 II
2999 2646 3035 2703 5

572 2744 810 2809 Inachi
856 2744 1068 2809 filiam
1118 2765 1266 2809 esse
1300 2751 1602 2830 putatam
1633 2743 1872 2809 Ionem
1913 2766 1951 2808 a
1980 2743 2256 2829 tragicis
2306 2750 2373 2808 et
2422 2743 2786 2823 Castore,
2813 2767 3037 2809 rerum

575 2852 922 2938 scriptore.

793 2958 1385 3044 Conspicientibus
1432 2981 1596 3024 vero
1643 2959 1842 3024 nobis
1885 2959 2158 3045 Pelasgi
2206 2981 2375 3045 gens
2424 2959 2604 3025 intra
2634 2960 3040 3046 Apollodori

577 3066 1090 3153 dispositionem
1137 3066 1334 3131 facile
1383 3075 1663 3153 apparet
1709 3089 2213 3153 supervacanea
2271 3074 2336 3131 et
2387 3068 2579 3152 quasi
2636 3068 3033 3133 adulterina.

576 3175 791 3253 Quam
841 3174 1298 3260 suspicionem
1346 3174 1479 3239 iam
1527 3182 1758 3240 movet
1803 3174 2028 3260 ipsum
2062 3174 2445 3240 fabularum
2478 3174 2831 3240 volumen:
2883 3198 3036 3241 cum

577 3282 757 3347 enim
792 3282 967 3368 Argi
999 3304 1169 3367 gens
1216 3289 1542 3347 tractetur
1573 3282 1762 3347 libris
1795 3282 1868 3347 H
1898 3282 2045 3346 init.
2079 3321 2168 3330 —
2199 3283 2305 3346 III
2338 3292 2444 3361 95,
2491 3283 2765 3368 Pelasgi
2799 3305 2968 3368 gens
2990 3286 3036 3365 1)

575 3389 1043 3476 complectitur
1090 3390 1532 3476 paragraphis
1581 3390 1758 3455 XIV
1817 3392 1933 3471 (sc.
1983 3390 2093 3453 III
2151 3393 2506 3475 96—109).
2602 3390 2805 3454 Adde
2856 3390 3036 3476 quod

574 3498 646 3562 in
695 3499 821 3562 hac
853 3504 1058 3583 gente
1105 3520 1243 3563 non
1277 3497 1451 3561 tanti
1483 3498 1721 3563 heroes
1772 3497 2202 3584 reperiuntur
2238 3520 2437 3583 quam
2483 3498 2555 3563 in
2589 3497 2762 3584 Argi
2810 3505 3034 3585 gente.

577 3604 1208 3671 Commemorantur
1256 3606 1485 3691 Lycao
1536 3606 1812 3672 Callisto
1862 3607 2064 3693 Auge
2110 3607 2449 3671 Atalante.

789 3712 1074 3778 Ovidius
1122 3715 1244 3779 has
1291 3713 1556 3779 fabulas
1606 3714 1962 3780 continuas
2009 3737 2149 3780 non
2198 3713 2515 3778 reddidit.

788 3820 1281 3898 Convertamus
1330 3843 1456 3887 nos
1505 3821 1590 3886 ad
1624 3821 1986 3887 Atalantae
2029 3821 2349 3887 fabulam.
2401 3822 2619 3887 Multo
2654 3830 2809 3908 post
2842 3821 3037 3887 Calli·

575 3936 841 3993 stonem
891 3929 988 4013 (II
1035 3936 1160 3995 401
1215 3929 1332 4014 ss)
1395 3928 1680 3994 Ovidius
1740 3929 1937 3995 nobis
1996 3929 2277 3994 tradidit
2323 3930 2684 3995 Atalantae
2736 3930 3037 3995 fabulam

573 4036 644 4100 in
704 4035 1043 4101 Adonidis
1106 4038 1420 4122 mythum
1466 4037 1790 4101 insertam
1850 4038 1947 4120 (X
1982 4041 2380 4122 &io—707).
2475 4037 2582 4102 De
2639 4037 3036 4124 parentibus

575 4144 706 4210 hoc
737 4166 950 4208 unum
984 4144 1294 4221 traditur,
1329 4151 1587 4231 patrem
1614 4144 1828 4209 fuisse
1863 4144 2289 4210 Schoeneum
2326 4147 2417 4228 (v.
2448 4149 2621 4229 609),
2674 4166 2826 4209 cum
2853 4145 3034 4231 Apd.

572 4252 683 4315 III
722 4260 844 4318 105
889 4252 1118 4317 Iasum
1169 4274 1322 4317 eum
1372 4252 1685 4339 appellet,
1735 4253 1862 4318 sub
1911 4252 2123 4318 finem
2170 4276 2334 4319 vero
2385 4253 2663 4319 adnotet
2711 4252 2846 4337 (III
2884 4257 3035 4338 109)

576 4359 659 4424 ab
736 4358 1041 4423 Hesiodo
1091 4359 1372 4445 aliisque
1420 4359 1719 4425 habitam
1760 4360 2099 4446 virginem
2150 4361 2484 4427 Schoenei
2530 4360 2761 4425 filiam.
2839 4361 3037 4426 Hanc

575 4466 847 4532 fabulae
911 4465 1297 4531 versionem
1354 4467 1484 4532 hoc
1538 4467 1686 4533 loco
1751 4468 1823 4532 in
1868 4470 2361 4555 praetereundo
2417 4476 2678 4533 tantum
2751 4491 3035 4534 comme-

788 4702 834 4771 1)
874 4699 1063 4766 Quam
1099 4699 1382 4755 Arcadiae
1420 4701 1710 4773 propriam
1747 4700 2055 4774 adscripsit
2091 4702 2341 4756 Pausan.
2381 4700 2527 4756 VIII
2555 4702 2602 4768 1,
2630 4702 2679 4755 4.
