3534 5242
1680 297 1728 315 ιβ*

1518 314 1911 354 -ae—

474 506 544 569 id
595 506 776 591 quod
825 504 1115 569 Kienzle
1165 504 1332 575 vult,
1392 527 1430 568 a
1477 502 1653 569 bello
1703 509 2018 589 suscepto
2070 502 2277 590 (Apd.
2324 502 2433 566 III
2479 511 2607 569 209
2643 509 2710 565 et
2743 503 2941 586 210a)

475 635 765 677 excursu
823 613 908 676 de
957 613 1184 677 Aeaco
1235 611 1668 698 Cephaloque
1714 610 2116 696 interposito
2180 612 2265 676 ad
2315 609 2794 696 compendium
2843 632 2942 673 re-

472 741 714 784 versus
751 719 1020 805 Scyllae
1054 719 1355 784 fabulam
1389 719 1701 804 exposuit
1749 718 1954 803 (Apd.
1990 718 2099 781 III
2132 717 2332 795 210b,
2366 720 2547 801 211),
2582 723 2737 802 post
2767 716 2944 781 hanc

476 827 538 890 ei
594 827 1006 891 narrandum
1065 826 1197 891 fuit
1254 828 1337 891 de
1393 849 1560 913 pace
1616 825 2010 910 tributoque
2077 825 2284 911 (Apd.
2344 825 2453 888 III
2511 833 2662 901 212,
2722 827 2939 905 213a).

474 934 663 998 Haec
698 941 895 1020 poeta
927 957 1065 1000 non
1100 935 1423 999 narravit.
1480 934 1719 1018 Itaque
1755 932 1807 998 si
1845 932 2160 1018 equidem
2204 953 2410 1018 supra
2457 937 2638 996 recte
2686 930 2944 996 conieci

476 1049 743 1127 poetam
808 1041 879 1105 in
945 1042 1093 1107 loco
1161 1064 1389 1106 earum
1459 1064 1705 1119 rerum,
1777 1062 1942 1126 quas
2007 1041 2189 1126 Apd.
2248 1039 2357 1103 III
2414 1048 2542 1106 212
2611 1040 2695 1104 de
2753 1046 2943 1125 peste

477 1150 780 1213 sananda
818 1149 1045 1227 refert,
1096 1149 1437 1214 rettulisse
1471 1148 1926 1235 pestilentiam
1958 1147 2189 1226 Aeaci,
2225 1146 2511 1212 Ovidius
2556 1145 2642 1231 (si
2675 1146 2945 1233 Scyllae

475 1256 771 1321 fabulam
822 1256 988 1342 legit
1035 1256 1104 1321 in
1153 1257 1345 1322 fonte
1394 1260 1542 1341 suo)
1589 1255 1994 1342 Apollodori
2053 1255 2514 1341 paragraphos
2563 1253 2764 1332 210b,
2813 1264 2939 1321 211

477 1372 631 1450 post
677 1365 1082 1450 Apollodori
1131 1365 1629 1451 paragraphum
1681 1372 1810 1430 212
1860 1363 2046 1448 legit.

686 1471 871 1536 Num
896 1479 1050 1558 post
1073 1471 1370 1557 Scyllam
1400 1471 1685 1536 Ovidius
1710 1471 1782 1536 in
1808 1471 2000 1536 fonte
2025 1470 2193 1556 legit
2218 1492 2455 1557 pacem
2477 1468 2945 1554 tributumque

477 1580 584 1662 (z
636 1578 817 1665 Apd.
869 1575 1076 1662 213)’.2
1167 1579 1303 1643 Vix
1351 1578 1537 1664 legit,
1601 1578 1921 1663 quoniam
1971 1578 2240 1663 Scyllae
2287 1576 2521 1642 fabula
2566 1575 2764 1641 finita
2811 1575 2945 1641 iam

475 1686 720 1750 transit
768 1687 852 1750 ad
900 1687 1283 1773 Pasiphaen
1335 1690 1422 1770 (v.
1481 1691 1631 1770 121)
1679 1687 2280 1771 Minotaurumque
2329 1689 2417 1769 (v.
2475 1688 2652 1770 155).

690 1792 786 1857 At
820 1793 1134 1878 equ-idem
1171 1794 1532 1871 contend0,
1582 1794 1832 1859 Minois
1867 1794 2120 1858 bellum
2156 1792 2431 1858 omnino
2465 1815 2604 1857 non
2639 1798 2945 1878 spectare

476 1901 561 1964 ad
585 1900 1109 1965 Atheniensium
1136 1900 1407 1966 bellum.
1458 1902 1609 1967 Hoc
1643 1901 2122 1988 comprobatur
2149 1900 2379 1966 Ovidii
2399 1899 2714 1977 vv.V111,
2744 1908 2827 1966 99
2856 1920 2942 1963 ss,

477 2014 544 2070 et
598 2015 743 2083 118,
803 2006 919 2071 ubi
976 2007 1200 2073 Minos
1251 2009 1335 2073 de
1385 2007 1585 2074 Creta
1630 2016 1897 2074 tantum
1946 2007 2158 2074 verba
2203 2006 2386 2086 facit,
2436 2029 2574 2072 non
2625 2007 2712 2072 de
2758 2006 2945 2072 navi·
2989 2044 2995 2051 -

477 2113 751 2199 gatione
799 2115 1108 2180 Athenas
1155 2138 1418 2194 versuS,
1468 2116 1800 2203 imprimis
1849 2139 1914 2183 v.
1958 2125 2081 2183 152
2133 2137 2255 2202 sq„
2304 2115 2424 2180 ubi
2469 2115 2695 2180 Minos
2743 2114 2947 2180 rebus

477 2222 650 2287 bene
722 2224 932 2309 gestis
999 2224 1237 2289 Cretae
1309 2247 1499 2290 sacra
1568 2225 1760 2303 facit3
1835 2225 2314 2311 comprobatur
2377 2222 2648 2309 Hygini
2714 2220 2948 2287 fabula

482 2339 606 2397 198
680 2334 769 2416 (p.
827 2340 949 2398 126
1011 2331 1288 2416 Schm.),
1365 2333 1485 2397 ubi
1558 2333 1688 2398 hoc
1761 2333 2014 2398 Minois
2090 2333 2344 2397 bellum
2411 2332 2495 2396 ab
2570 2329 2945 2395 Athenien-

478 2437 665 2502 sibus
724 2460 1001 2524 prorsus
1057 2447 1161 2504 est
1217 2440 1624 2518 absolutum,
1681 2440 2161 2527 comprobatur
2214 2437 2501 2504 Diodori
2558 2445 2625 2502 et
2679 2436 2947 2523 Hygini

479 2545 770 2624 silentio,
823 2547 937 2631 qui
988 2555 1272 2633 uterque
1318 2548 1469 2613 Nisi
1531 2570 1637 2613 res
1699 2548 1877 2612 inter
1924 2547 2174 2613 Minois
2222 2546 2726 2634 expeditionem
2771 2544 2945 2609 Atti-

477 2673 621 2716 cam
683 2654 1023 2738 praeterit,
1085 2655 1563 2742 comprobatur
1618 2656 1833 2742 ipsius
1882 2654 2288 2743 Apollodori
2332 2653 2593 2721 verbis:
2653 2653 2695 2739 ἕ
2745 2661 2944 2725 210,8

468 2760 598 2847 μετ’
663 2764 734 2826 οὐ
801 2766 947 2828 πολὺ
1008 2767 1078 2830 δὲ
1133 2765 1644 2854 θαλασσοκρατῶν
1709 2768 2034 2854 ἐπολέμησε
2086 2767 2282 2853 στόλῳ
2341 2766 2445 2836 τὰς
2504 2760 2765 2852 Ἀθήνας,
2831 2764 2947 2827 καὶ

478 2869 783 2955 Μέγαρα
830 2860 988 2935 εἷλε
1034 2872 1249 2937 Νίσου
1290 2875 1816 2956 βασιλεύοντος
1861 2922 1874 2935 .
1913 2924 1925 2935 .
1958 2923 1970 2935 .
2010 2924 2066 2936 ..
2147 2871 2189 2957 ἕ
2237 2879 2365 2937 212
2407 2853 2947 2961 χῖοονιζοαένου
3019 2924 3020 2929 ,

476 2979 546 3042 δὲ
590 2982 692 3042 τοῦ
741 2979 1013 3065 πολέμου,
1053 2983 1138 3068 μὴ
1185 2982 1510 3068 δυνάμενος
1552 2983 1702 3047 ἑλεῖν
1741 2980 1990 3071 Ἀθήνας
2032 2980 2272 3071 εὔχεται
2318 2983 2409 3046 Διί
2450 2982 2569 3045 κτλ.

696 3084 799 3147 Ex
836 3091 1158 3150 contextu
1191 3085 1557 3151 verborum
1589 3087 1739 3173 ipso
1775 3094 2054 3174 apparet
2088 3107 2194 3152 res
2228 3088 2667 3171 Megarenses
2715 3084 2946 3171 inepte

477 3190 611 3255 huc
679 3190 1061 3278 irrepsisse3
1132 3194 1345 3260 verba
1404 3198 1823 3286 χρονιζομένου
1888 3199 1957 3262 δὲ
2024 3200 2124 3262 τοῦ
2190 3197 2443 3279 πολέμου
2496 3215 2645 3258 esse
2703 3192 2945 3258 retina-

479 3298 706 3363 culum
756 3301 1098 3384 quoddam
1149 3303 1233 3366 ad
1283 3325 1388 3367 res
1433 3311 1796 3389 sequentes
1850 3326 2001 3368 cum
2046 3302 2383 3390 prioribus
2432 3300 2945 3386 coniungendas

477 3414 757 3492 apparet
806 3431 888 3472 ex
924 3409 1211 3475 Diodori
1254 3409 1480 3475 verbis
1529 3411 1778 3476 allatis:
1830 3416 1980 3500 πρὸς·
2012 3415 2128 3500 μὲν
2158 3412 2513 3500 Ἀθηναίους
2552 3413 2947 3500 συνεστήσατο

479 3518 748 3603 πόλεμον,
800 3520 957 3604 ἀρὰς·
997 3521 1067 3584 δὲ
1113 3521 1427 3610 ἐποιήσατο
1476 3525 1561 3609 τῷ
1612 3524 1699 3587 Διὶ
1725 3570 1737 3582 .
1773 3570 1786 3583 .
1818 3571 1831 3583 .
1864 3570 1877 3583 .

691 3622 788 3686 At
875 3624 1313 3708 quaesiveriS,
1392 3648 1512 3690 cur
1593 3632 1662 3691 et
1746 3625 2214 3713 Apollodorus¹
2287 3632 2390 3690 et·
2429 3622 2715 3690 Ovidius
2797 3622 2946 3688 Nisi

478 3728 778 3795 fabulam
849 3729 1027 3795 inter
1080 3733 1329 3799 Minois
1399 3734 1665 3799 fabulas
1737 3733 2130 3798 reddiderit.
2224 3734 2421 3798 Hanc
2480 3731 2944 3818 quaestionem

479 3837 745 3903 solvere
801 3860 939 3903 non
1001 3861 1295 3924 possum.
1402 3841 1584 3906 Fieri
1632 3848 1857 3928 potest
1914 3848 1990 3906 ut
2036 3863 2316 3927 parvam
2371 3841 2592 3905 lucem
2649 3839 2947 3905 afferant

476 3945 764 4011 Diodori
810 3946 1046 4011 verba:
1102 3951 1303 4021 Μίνως
1344 3954 1615 4038 πολεμῶν
1661 3953 1963 4018 ἐπαύσατο
2002 3952 2116 4026 τοῖς·
2155 3950 2417 4040 Ἀθήνας.
2474 3950 2830 4017 διελθόντων
2875 3954 2946 4017 δὲ

479 4057 631 4121 ἐτῶν
677 4057 845 4122 ἐννέα
895 4058 1097 4122 πάλιν
1143 4060 1177 4119 ὁ
1225 4060 1460 4131 Μίνως
1499 4059 1721 4149 ἦλθεν
1767 4062 1854 4130 εἷς
1897 4062 2000 4148 τὴν
2052 4056 2315 4146 Ἀττικήν.
2381 4057 2536 4120 Duo
2572 4078 2733 4141 ergo
2774 4056 2945 4121 bella

477 4160 856 4245 finguntur.
924 4162 1116 4225 Inter
1163 4169 1525 4249 utrumque
1572 4165 1825 4230 bellum
1859 4164 2009 4229 Nisi
2055 4163 2401 4249 interponi
2446 4162 2686 4248 potuit,
2739 4163 2940 4248 quod,

479 4289 632 4332 cum
701 4269 770 4333 in
836 4269 1242 4356 Apollodori
1312 4279 1376 4335 et
1445 4271 1672 4337 Ovidii
1727 4273 1918 4339 fonte
1989 4280 2351 4357 utrumque
2417 4270 2669 4336 bellum
2732 4271 2942 4335 Athe-

477 4375 714 4440 niense
760 4377 829 4440 in
880 4400 1092 4442 unum
1142 4378 1629 4464 conciperetur,
1679 4403 1892 4466 prope
1940 4380 2304 4466 pristinum
2345 4379 2569 4443 locum
2618 4378 2942 4443 remansit

478 4482 790 4569 intraque
837 4485 965 4550 hoc
1011 4508 1225 4550 unum
1274 4485 1528 4551 bellum
1574 4488 1796 4574 Aegei
1841 4488 1990 4553 loco
2039 4486 2201 4552 satis
2247 4486 2481 4573 inepto
2528 4486 2818 4571 irrepsit.

690 4592 835 4657 Iam
884 4600 1304 4658 revertamur
1354 4594 1439 4658 ad
1489 4594 1829 4661 Ovidium.

692 4700 977 4765 Kienzle
1024 4701 1346 4767 nimirum
1387 4710 1626 4788 putare
1658 4703 1953 4782 videtur,
2002 4711 2270 4790 poetam
2321 4725 2359 4768 a
2392 4702 2660 4789 Scyllae
2708 4701 2941 4767 fabula
