3534 5242
1624 279 2068 337 -26—

615 484 898 551 actionis
955 485 1372 573 progressio!
1442 487 1803 553 Praeterea
1872 487 1983 553 hic
2049 486 2375 553 transitus
2435 493 2532 555 καὶ
2591 486 2727 576 μετ’
2800 491 2870 553 οὐ
2930 491 3078 554 πολὺ

618 593 821 679 plane
866 592 1140 681 ineptus
1185 594 1257 659 in
1306 595 1699 660 memoriam
1745 594 1944 660 nobis
1993 602 2266 662 revocat
2311 595 2502 660 illum
2550 578 2729 660 intra
2767 592 3076 681 Typhoei

618 699 919 766 fabulam
967 701 1402 780 simillimum,
1464 703 1709 771 ἔπειτα
1756 705 1849 770 δέ.
1955 701 2131 767 Sunt
2188 724 2351 788 ergo
2401 702 2575 768 duae
2620 711 2846 788 partes
2901 701 3079 766 inter

617 828 766 872 sese
813 830 952 873 non
1004 808 1412 894 quadrantes
1460 809 1611 874 laxe
1658 831 1797 874 una
1842 808 1929 874 ad
1976 809 2255 874 alteram
2304 809 2670 896 appositae.

829 914 1188 1001 Minyades
1248 914 1496 980 deinde
1543 915 1939 1001 relinquunt
1984 915 2194 1002 patris
2244 916 2541 994 domum,
2599 916 2671 980 in
2731 914 3076 981 montibus

616 1021 902 1100 furiunt,
952 1022 1245 1108 denique
1279 1045 1318 1087 a
1349 1021 1686 1088 Mercurio
1732 1023 1806 1087 in
1854 1044 2015 1089 aves
2065 1029 2576 1089 convertuntur.
2626 1024 2776 1088 Hac
2810 1045 3079 1109 quoque

616 1128 689 1193 in
736 1128 1008 1195 fabulae
1055 1135 1245 1217 parte
1293 1130 1543 1194 multae
1590 1151 1696 1194 res
1744 1129 1896 1195 luce
1943 1138 2193 1195 carent.
2266 1130 2435 1196 Mihi
2482 1114 2663 1194 enim
2709 1129 3077 1195 verisimile

617 1259 755 1302 non
816 1236 967 1316 est,
1000 1259 1112 1303 eas
1173 1237 1383 1324 patris
1443 1237 1643 1303 domo
1703 1237 2114 1315 consedisse,
2174 1259 2327 1302 cum
2384 1259 2540 1302 suas
2602 1237 2928 1303 haberent
2983 1237 3078 1303 fa-

617 1343 857 1423 milias,
906 1344 1135 1431 ibique
1181 1367 1320 1410 non
1368 1344 1727 1432 impeditas
1775 1344 2042 1410 facinus
2093 1343 2529 1410 commisisse.
2626 1345 2759 1410 Eas
2792 1345 3079 1410 nuncin

617 1451 961 1519 montibus
1017 1452 1246 1517 furere
1305 1474 1711 1538 quamquam
1769 1452 2021 1539 optime
2080 1452 2367 1537 quadrat
2422 1452 2506 1517 ad
2564 1451 2829 1517 facinus
2897 1459 3079 1517 ante-

619 1560 890 1638 cedenS‚
940 1566 1170 1625 tamen
1206 1566 1279 1623 ut
1313 1559 1494 1624 illius
1542 1582 1814 1625 causam
1863 1582 2003 1625 non
2051 1559 2519 1646 perspeximus
2557 1560 2650 1624 ita
2697 1581 2785 1623 ne
2829 1558 3079 1626 furoris

620 1667 893 1752 quidem
928 1689 1262 1733 conexum
1294 1689 1448 1732 cum
1480 1667 1722 1734 timore
1752 1667 2288 1755 intercedentem
2319 1667 2663 1753 intellego.
2741 1667 2917 1731 Tum
2948 1689 3081 1732 me-

619 1775 1072 1862 tamorphosis
1106 1795 1308 1841 causa
1353 1797 1632 1861 prorsus
1665 1780 1882 1854 vacat,
1934 1774 2228 1860 denique
2261 1774 2623 1841 obscurum
2670 1773 2742 1838 id
2791 1796 3081 1860 quoque,

620 1904 744 1947 cur
789 1883 916 1947 hae
964 1903 1125 1948 aves
1172 1882 1393 1947 lucem
1439 1881 1729 1968 fugiant.

834 1989 946 2054 Ad
994 1990 1116 2055 has
1177 1989 1621 2055 obscuritates
1671 1989 2067 2055 dilucendas
2130 1988 2584 2054 adsciscamus
2632 1987 2818 2054 locos
2868 1989 3081 2075 paral·

619 2097 786 2164 lelos
833 2097 1183 2162 Plutarchi
1228 2097 1499 2163 Aeliani
1548 2096 1795 2164 Ovidii.

834 2206 924 2270 Et
967 2205 1373 2271 Plutarchus
1418 2205 1693 2291 quidem
1739 2206 1812 2270 in
1859 2205 2256 2272 collectione
2304 2204 2632 2270 aetiorum
2665 2199 3081 2270 Graecorum

621 2336 675 2379 c.
724 2323 807 2381 38
858 2317 948 2401 (p.
985 2323 1112 2381 299
1147 2314 1231 2399 Ε)
1263 2315 1439 2379 hanc
1488 2314 1952 2399 quaestionem
2000 2313 2129 2380 sibi
2175 2313 2559 2401 proposuit:
2622 2317 2778 2386 Τι’νες
2819 2317 2873 2379 οἱ
2919 2317 3083 2401 παρὰ

619 2427 901 2497 Βοιωτοῖς
955 2426 1194 2497 Ψολόεις
1247 2428 1346 2490 καὶ
1393 2427 1542 2497 τίνες
1592 2428 1654 2490 αἱ
1696 2424 1948 2501 ’ολεῖαι;
2026 2422 2430 2510 Respondet
2485 2422 2717 2488 fabula
2777 2427 3086 2487 enarrata

620 2529 776 2595 hac:
828 2534 935 2602 τὰς
977 2533 1195 2598 Μινύου
1240 2525 1584 2621 θυγατέρας
1610 2536 1756 2621 φασὶ
1788 2534 2125 2621 Λευκίππην
2156 2535 2255 2599 καὶ
2305 2530 2589 2620 Ἀρσινόην
2635 2535 2733 2598 καὶ
2768 2528 3088 2618 Ἀλκαθόην

610 2641 901 2724 μανείσας
943 2640 1337 2726 ἀνθρωπίνων
1383 2641 1734 2730 ἐπιθυμῆσαι
1779 2647 1973 2729 κρεῶν
2019 2643 2117 2706 καὶ
2146 2643 2449 2730 διαλαχεῖν
2497 2643 2629 2727 περὶ
2676 2645 2794 2706 τῶν
2849 2640 3088 2704 τέκνων·

620 2748 959 2835 Λευκίππης
1020 2749 1337 2838 λαχούσης,
1405 2753 1730 2839 παρασχεῖν
1780 2746 2066 2816 Ἵππασον
2121 2752 2219 2815 τὸν
2283 2753 2405 2816 υἱὸν
2459 2734 2919 2841 διασπάσασθαι·
2988 2750 3088 2814 καὶ

623 2857 912 2946 κληθῆναι
958 2859 1096 2928 τοὺς
1126 2858 1242 2943 μὲν
1272 2857 1500 2944 ἄνδρας
1541 2859 1741 2923 αὐτῶν
1779 2859 2269 2942 δυσειματοῦντας
2311 2860 2426 2924 ὑπὸ
2463 2860 2655 2945 λύπης
2695 2859 2793 2923 καὶ
2838 2856 3095 2927 πένθους

628 3013 659 3042 ,,
680 2965 980 3045 Ψολόεις“,
1030 2966 1218 3036 αὐτὰς
1257 2967 1327 3031 δὲ
1378 2963 1430 3043 ,,’
1446 2966 1687 3037 ολείας“
1740 2967 1862 3031 οἷον
1906 2968 2100 3038 ὀλοάς.
2149 2968 2269 3031 κτλ-

835 3070 1026 3135 Haec
1072 3069 1305 3135 fabula
1350 3070 1529 3135 ultra
1575 3071 2113 3157 expectationem
2176 3070 2473 3137 concinit
2520 3092 2674 3135 cum
2721 3069 2884 3134 Ant.
2934 3065 3083 3133 Lib.

626 3179 668 3265 ξ
706 3187 766 3256 3,
804 3200 1005 3262 quam
1041 3177 1244 3243 simul
1276 3177 1642 3243 dilucidam
1676 3178 1930 3243 reddit:
1964 3177 2327 3264 Minyades
2359 3177 2625 3242 insania
2658 3182 2820 3241 sunt
2851 3182 3086 3262 captae

625 3294 692 3351 et
754 3285 916 3351 inde
974 3286 1214 3352 avidae
1271 3286 1644 3372 sanguinis
1737 3285 2146 3352 Plutarchus
2217 3285 2486 3351 silentio
2554 3283 2874 3371 praeterit
2940 3282 3083 3348 irri-

625 3393 886 3461 sionem
933 3392 1249 3480 Dionysi,
1301 3415 1506 3480 opera
1539 3393 1930 3471 domestica,
1965 3392 2176 3480 patris
2212 3393 2513 3470 domum,
2547 3390 3088 3469 conversionem,

627 3507 1111 3567 commemorat
1155 3524 1321 3567 vero
1370 3501 1665 3567 maritos,
1719 3502 2026 3567 Eandem
2073 3523 2238 3568 vero
2287 3498 2714 3577 sententiam,
2765 3521 2965 3585 quam
3001 3498 3086 3564 ad

629 3616 923 3674 ceteram
973 3608 1309 3674 Antonini
1354 3608 1654 3675 fabulam
1705 3609 1981 3675 omnino
2044 3631 2184 3674 non
2245 3606 2967 3693 quadrare'novimUS,
3017 3605 3087 3671 in

624 3714 952 3782 Nicandri
1003 3715 1305 3782 fabulam
1356 3739 1394 3782 a
1425 3716 1929 3803 mythographo
1979 3737 2127 3781 esse
2173 3713 2643 3801 interpositam
2691 3719 2873 3778 recte
2918 3712 3089 3779 iudi-

626 3846 779 3889 care
826 3822 992 3889 mihi
1038 3823 1296 3890 videor.

840 3930 1171 3996 Aelianus
1230 3953 1295 3997 v.
1356 3932 1421 3997 h.
1481 3932 1592 3997 ΠΙ
1640 3941 1722 3999 42
1794 3938 2026 3997 narrat
2089 3929 2311 4018 Minyi
2379 3929 2559 3995 filias
2627 3953 2783 3996 cum
2849 3928 3089 3995 ceteris

626 4037 968 4106 Boeoticis
1016 4038 1413 4106 mulieribus
1462 4040 1690 4106 furere
1736 4038 2060 4119 noluisse,
2097 4039 2278 4126 quod
2327 4037 2647 4126 cupidine
2695 4037 3090 4103 maritorum

628 4147 1022 4234 flagrarent.
1118 4147 1508 4234 Dionysum
1571 4148 1671 4213 ira
1739 4147 2096 4214 incensum
2165 4146 2489 4228 miracula
2558 4145 2640 4210 iis
2712 4144 3093 4210 ostendisse

630 4254 814 4322 domi
861 4255 1315 4321 versantibus.
1409 4257 1554 4321 Nec
1602 4278 1765 4321 vero
1816 4278 1894 4321 ea
1940 4279 2013 4320 re
2062 4276 2174 4320 eas
2225 4276 2372 4319 esse
2431 4254 2820 4319 commotas.
2918 4250 3093 4316 Tum

631 4363 924 4430 amentia
955 4363 1290 4429 concitata
1323 4384 1434 4427 eas
1467 4362 1650 4429 foras
1685 4384 2109 4450 properasse,
2143 4384 2356 4427 unum
2404 4384 2487 4424 ex
2518 4358 2747 4425 liberis
2790 4379 3090 4436 necasse,

630 4494 786 4537 cum
835 4470 1075 4537 ceteris
1108 4468 1550 4536 maenadibus
1585 4469 1911 4557 coniungi
1943 4470 2294 4557 cupientes
2330 4490 2478 4534 esse
2510 4467 2782 4553 fugatas
2816 4472 3094 4553 propter

630 4579 1090 4668 parricidium,
1120 4578 1342 4665 quoad
1367 4577 1438 4644 in
1464 4599 1624 4645 aves
1653 4584 2230 4645 converterentur.
2282 4575 2506 4641 Huius
2529 4573 2801 4640 fabulae
2824 4572 3093 4638 initium

633 4686 971 4752 consentit
1006 4709 1157 4752 cum
1183 4686 1551 4751 Plutarcho
1586 4708 1803 4771 usque
1837 4707 1938 4764 eo,
1966 4685 2083 4750 ubi
2108 4684 2421 4750 Bacchus
2447 4679 2769 4748 miracula
2792 4679 3090 4766 praebet.
