3534 5242
1485 286 1930 345 ..29—

686 491 775 556 Et
839 490 1133 578 primum
1197 490 1599 578 negabimus
1668 489 1989 556 Ovidium
2054 496 2272 556 totum
2339 489 2603 556 Cereris
2670 490 2937 577 cyclum

471 598 850 665 fabularem
896 621 1034 663 una
1090 621 1243 664 cum
1291 599 1609 664 Ascalabi
1657 598 1889 664 fabula
1947 620 2031 661 ex
2077 597 2404 663 Nicandri
2450 604 2605 688 ἑτερ.
2654 597 2712 666 δ’
2759 620 2937 663 rece-

473 705 654 792 pisse
669 707 742 790 1)‚
802 705 1120 791 quoniam
1176 705 1343 771 haec
1400 704 1721 770 Ascalabi
1778 703 2011 769 fabula
2066 726 2220 769 cum
2281 705 2520 770 ceteris
2583 703 2937 771 Ovidianis

474 835 675 897 quam
722 812 1121 878 tenuissime
1169 812 1335 878 mihi
1380 812 1656 879 videtur
1702 813 2092 878 cohaerere:

687 919 1007 985 Ascalabi
1066 919 1421 985 conversio
1479 919 1704 1005 agitur
1758 919 1831 984 in
1887 918 2117 984 Attica
2173 919 2284 1002 (cf.
2334 919 2496 985 Ant.
2544 918 2694 986 Lib.
2746 943 2800 986 c.
2853 928 2938 988 24

475 1033 852 1100 ἀνεπαύσατο
898 1031 961 1095 ἐν
1008 1033 1084 1118 τῇ
1128 1028 1422 1118 Ἀττικῄ);
1492 1026 1974 1113 coniungenda
2042 1025 2252 1112 igitur
2318 1035 2421 1093 est
2486 1050 2638 1094 cum
2698 1027 2938 1093 ceteris

477 1137 743 1204 Cereris
789 1136 1040 1202 fabulis
1100 1135 1171 1200 in
1217 1135 1448 1201 Attica
1491 1134 1926 1201 versantibus
1974 1134 2084 1218 (cf.
2138 1136 2315 1223 Apd.
2352 1136 2512 1202 bibl.
2547 1138 2584 1201 Ι
2619 1142 2938 1223 30-32);

477 1245 763 1312 Ovidius
811 1267 976 1330 ergo
1025 1244 1171 1309 sine
1221 1242 1428 1309 dubio
1477 1244 1653 1309 hanc
1690 1243 1989 1308 fabulam
2038 1243 2109 1308 in
2157 1244 2341 1309 hunc
2373 1244 2667 1331 priorem
2714 1245 2939 1310 locum

476 1352 824 1418 transtulit
869 1374 1092 1437 neque
1124 1373 1289 1417 vero
1337 1351 1484 1438 ipse
1518 1350 1788 1416 Siciliae
1828 1350 2207 1437 adscripsit,
2253 1351 2460 1417 immo
2496 1352 2622 1418 sub
2670 1351 2938 1417 initium

478 1461 673 1526 deam
722 1483 806 1525 ex
854 1459 1083 1525 Sicilia
1126 1459 1199 1524 in
1247 1459 1546 1524 Atticam
1594 1458 1938 1545 proficisci
1983 1457 2216 1523 finxit:

688 1590 756 1633 v.
804 1576 934 1636 445
1030 1566 1190 1632 solis
1239 1567 1322 1632 ab
1372 1588 1614 1632 occasu
1663 1566 1824 1632 solis
1874 1566 2237 1652 quaerebat
2292 1567 2378 1632 ad
2427 1573 2634 1632 ortus.

476 1674 815 1741 Ascalabo
864 1695 1196 1742 converso
1244 1674 1470 1741 denuo
1518 1696 1666 1739 eam
1711 1674 1784 1739 in
1835 1673 2132 1739 Siciliam
2182 1674 2433 1740 reverti
2480 1696 2649 1762 opus
2699 1681 2870 1739 erat:

566 1805 631 1849 v.
683 1790 811 1850 462
908 1782 1088 1861 Quas
1139 1781 1266 1848 dea
1313 1804 1433 1869 per
1478 1789 1692 1847 terras
1742 1788 1810 1846 et
1858 1803 2023 1866 quas
2073 1781 2401 1849 erraverit
2445 1781 2684 1860 undaS‚

905 1889 1152 1955 Dicere
1197 1890 1405 1976 longa
1451 1912 1639 1955 mora
1687 1895 1808 1955 est.
1860 1889 2211 1974 quaerenti
2258 1889 2477 1954 defuit
2524 1889 2724 1955 orbis

909 1996 1245 2081 Sicaniam
1294 1996 1556 2084 repetit.

479 2105 740 2171 Versus
796 2127 959 2191 ergo
1006 2105 1072 2169 V
1119 2113 1251 2173 444
1297 2126 1394 2190 sq.
1456 2111 1523 2170 et
1568 2112 1931 2172 462—64a
2008 2105 2091 2170 ab
2161 2104 2406 2171 Ovidio
2465 2114 2626 2170 sunt
2679 2105 2944 2171 inventi

476 2213 566 2279 ad
615 2212 935 2279 Ascalabi
980 2212 1280 2279 fabulam
1329 2235 1483 2278 cum
1532 2212 1809 2298 reliquis
1858 2212 2327 2299 copulandam.

692 2321 839 2387 Iam
887 2320 1112 2408 pergit
1159 2327 1361 2408 poeta
1404 2344 1471 2387 v.
1522 2320 1708 2388 464b

1337 2428 1635 2515 dumque
1683 2427 1911 2494 omnia
1954 2427 2199 2493 lustrat
2246 2427 2471 2493 eundo

908 2536 1100 2602 venit
1147 2543 1215 2601 et
1260 2536 1345 2602 ad
1395 2537 1698 2623 Cyanen.
1781 2618 1785 2624 .

480 2645 631 2710 Hoc
685 2644 756 2709 in
814 2644 1005 2711 fonte
1071 2643 1275 2709 Ceres
1335 2644 1586 2731 reperit
1646 2644 2098 2731 Proserpinae
2153 2643 2522 2730 vestigium
2579 2645 2940 2730 quoddam,

482 2752 667 2817 unde
712 2751 924 2817 filiam
973 2773 1124 2816 esse
1158 2758 1417 2838 raptam
1451 2751 1781 2838 agnoscit.
1839 2752 2034 2817 Idem
2067 2774 2231 2817 vero
2265 2758 2465 2838 poeta
2490 2751 2645 2816 fast.
2678 2750 2782 2817 IV
2811 2760 2940 2820 462

484 2858 834 2924 contendit
881 2858 1197 2925 Cererem
1243 2859 1457 2924 filiam
1492 2865 1928 2945 quaerentem
1974 2859 2242 2925 initium
2275 2859 2535 2946 cepisse
2579 2880 2661 2923 ex
2694 2859 2943 2924 Henna

481 2965 636 3031 lacu
690 2965 919 3051 ibique
980 2967 1270 3054 vestigia-
1325 2966 1506 3032 illius
1563 2967 1932 3048 invenisse,
1999 2974 2142 3033 tum
2211 2968 2483 3033 demum
2548 2968 2945 3055 pervenisse

480 3074 553 3139 in
601 3073 899 3140 Atticam
948 3076 1020 3160 (v
1070 3078 1247 3159 502).

481 3182 634 3247 Hoc
679 3204 937 3248 novum
985 3189 1089 3247 est
1137 3189 1636 3268 argumentum,
1682 3204 1815 3266 quo
1851 3182 2356 3249 demonstratur
2386 3182 2705 3250 Ascalabi
2751 3183 2943 3250 fabu-

481 3289 617 3354 lam
637 3289 935 3356 Atticam
967 3289 1039 3355 in
1064 3289 1724 3377 metamorphosibus
1748 3290 1972 3356 locum
2003 3290 2309 3356 obtinere
2335 3290 2517 3356 haud
2545 3291 2940 3376 genuinum.

699 3505 873 3571 Tum
922 3507 1006 3571 de
1052 3507 1270 3573 tribus
1317 3505 1566 3571 fabulis
1613 3506 1768 3586 illis,
1830 3529 2000 3592 quae
2058 3504 2205 3571 sine
2256 3505 2462 3574 dubio
2527 3506 2611 3573 ab
2657 3515 2947 3595 utroque

486 3621 686 3701 poeta
750 3621 908 3680 sunt
975 3614 1300 3695 redditae,
1370 3614 1679 3702 Typhoei
1746 3622 1813 3680 et
1873 3614 2192 3680 Ascalabi
2247 3614 2513 3681 fabulas
2575 3614 2944 3682 Ovidianas

486 3723 888 3809 compendio
936 3721 1386 3789 attribuimus.
1479 3723 1722 3788 Restat
1779 3734 1964 3809 ergo,
2022 3729 2098 3788 ut
2146 3723 2497 3788 Musarum
2540 3724 2944 3790 Pieriarum-

487 3852 618 3915 que
665 3837 1005 3898 certamen
1057 3839 1443 3898 tractemus.

698 3939 918 4005 Bethe
952 3939 1180 4005 Ovidii
1226 3939 1527 4004 fabulam
1577 3937 1962 4005 consentire
2010 3939 2362 4004 contendit
2409 3961 2563 4004 cum
2610 3938 2945 4006 Antonini

485 4068 540 4113 c.
578 4057 646 4115 9:
697 4069 929 4134 parem
976 4068 1125 4112 esse
1172 4046 1557 4112 certaminis
1589 4046 1836 4124 locum,
1871 4045 2294 4125 Heliconem,
2330 4069 2453 4133 par
2482 4068 2732 4112 nomen
2764 4046 2948 4111 Pieri

483 4154 694 4241 patris
721 4153 1206 4238 Emathiaeque
1238 4153 1513 4240 patriae,
1548 4175 1777 4240 parem
1803 4152 2189 4219 fabularum
2221 4153 2464 4219 finem:
2499 4174 2654 4219 cum
2680 4152 2946 4218 Pieriae

483 4283 549 4326 v.
603 4269 732 4329 664
779 4283 831 4326 s.
882 4260 1074 4326 clade
1121 4268 1396 4348 accepta
1441 4260 1872 4348 increparent
1925 4263 2078 4344 (ἐπεὶ
2124 4265 2193 4329 δὲ
2239 4267 2428 4334 νεῖκος
2468 4263 2688 4353 ἤραντο
2734 4263 2949 4349 θνηταὶ

486 4370 683 4452 θεαῖς)
731 4390 771 4434 a
814 4367 1031 4433 Musis
1080 4389 1229 4433 esse
1277 4389 1671 4447 conversas3
1720 4367 1997 4432 unicum
2046 4366 2452 4445 dissensum,
2504 4389 2637 4452 quo
2683 4366 2945 4433 Pieriae

486 4477 668 4563 apud
715 4475 1142 4541 Antoninum
1189 4474 1258 4539 in
1308 4497 1557 4540 novem
1594 4474 1898 4541 diversas
1947 4496 2107 4539 aves
2156 4480 2523 4552 mutentur,
2573 4475 2754 4561 apud
2790 4474 2945 4540 Ovi·

700 4710 744 4778 l)
782 4727 837 4762 v.
878 4727 930 4781 p.
974 4709 1054 4761 18.
