3534 5242
1728 1040 1910 1127 Cap.
1956 1040 2048 1106 II.

960 1243 1061 1324 De
1119 1241 1371 1324 ovidio
1431 1242 1496 1322 in
1558 1240 2266 1342 metamorphoseon
2327 1240 2512 1321 libro
2569 1241 2823 1340 quinto

1479 1383 1826 1465 Nicandri
1885 1384 2288 1465 imitatore.

882 1562 1117 1628 Unum
1151 1584 1233 1625 ex
1266 1560 1495 1626 Ovidii
1525 1561 2167 1646 Metamorphoseon
2219 1559 2717 1639 „emblematis“
2740 1561 2789 1645 1)
2835 1559 2907 1625 in
2941 1582 3117 1625 com·

660 1670 892 1758 pendii
949 1669 1214 1735 fabulas
1270 1668 1565 1746 insertiS,
1637 1689 1727 1733 sc.
1789 1667 1942 1733 libri
1990 1668 2073 1733 V.
2133 1675 2393 1754 partem
2442 1668 2741 1747 alteram,
2793 1691 2925 1754 qua
2970 1669 3118 1733 Mu-

662 1800 890 1851 sarum
933 1776 1415 1862 Pieridumque
1462 1783 1806 1843 certamen
1853 1775 2260 1853 continetur,
2310 1797 2460 1841 esse
2506 1776 2824 1843 haustum
2872 1799 2954 1842 ex
3002 1777 3116 1842 Ni·

660 1885 895 1951 candri
922 1884 1399 1974 Ἑτεροιουμένων
1430 1883 1488 1952 ὃ’
1521 1883 1910 1970 nuperrime
1934 1883 2153 1948 Bethe
2182 1883 2255 1947 in
2291 1884 2582 1949 Hermae
2615 1886 2748 1951 vol.
2778 1895 2860 1953 39
2890 1886 3118 1971 (1904)

662 2016 725 2079 p.
785 2002 815 2059 1
869 2014 955 2057 ss.
1009 1992 1441 2078 sagacissime
1489 1999 1772 2057 conatus
1821 1999 1924 2056 est
1971 1991 2277 2077 probare.
2404 2078 2409 2083 ⁴

873 2100 1125 2165 Contra
1159 2100 1443 2164 Ehwald
1493 2100 1577 2164 ad
1612 2099 1803 2164 Mett.
1831 2099 1896 2164 V
1933 2107 2059 2166 385
2096 2099 2468 2177 adnotavit,
2518 2122 2557 2164 a
2592 2108 2789 2186 poeta
2828 2099 2899 2165 in
2933 2099 3119 2164 hisce

665 2207 915 2272 fabulis
965 2206 1343 2272 adhibitum
1392 2228 1542 2271 esse
1589 2205 2068 2293 compendium
2113 2206 2454 2290 quoddam
2503 2206 2721 2273 simile
2768 2207 2885 2285 illi,
2937 2207 3120 2292 quod

660 2314 1006 2379 Diodorus
1065 2313 1225 2379 bibl.
1275 2314 1341 2380 V
1375 2322 1413 2379 3
1464 2334 1561 2397 sq.
1613 2312 2065 2399 exscripserit.
2145 2313 2375 2397 Atque
2445 2313 2613 2379 haec
2672 2314 2945 2399 quidem
3011 2336 3118 2379 res

660 2422 826 2487 locis
875 2421 1211 2508 parallelis
1262 2420 1479 2486 allatis
1530 2420 1812 2506 probata
1859 2428 1980 2484 est.

874 2529 1102 2595 Nihilo
1135 2550 1299 2595 vero
1326 2530 1549 2593 minus
1575 2527 1794 2593 Bethe
1819 2527 2238 2593 Nicandrum
2272 2549 2420 2592 esse
2453 2527 2713 2594 fontem
2746 2529 3112 2594 contendit.

871 2637 1043 2701 Inde
1091 2637 1272 2701 enim
1321 2637 1502 2721 quod
1549 2637 1740 2702 Mett.
1776 2634 1842 2701 V
1890 2635 2160 2701 fabulae
2207 2635 2686 2722 Hippucrenae
2735 2636 3114 2702 certaminis

662 2743 971 2831 Typhoei
1027 2743 1348 2809 Ascalabi
1411 2743 1569 2808 olim
1629 2743 1985 2808 exstabant
2041 2743 2113 2808 in
2169 2743 2495 2809 Nicandri
2551 2748 2703 2836 ἑτερ.
2753 2743 2831 2822 δ’,
2897 2744 3115 2809 Bethe

665 2850 1015 2928 conclusit,
1057 2850 1346 2937 singulis
1379 2851 1700 2916 nimirum
1731 2850 1982 2916 fabulis
2018 2850 2101 2916 ab
2134 2852 2488 2918 Antonino
2506 2853 2554 2937 2)
2597 2853 2930 2939 excerptis
2964 2874 3119 2918 cum

660 2958 905 3024 Ovidio
978 2966 1287 3023 accurate
1348 2958 1773 3044 comparatis,
1841 2965 2203 3036 certamen,
2276 2960 2585 3044 quamvis
2634 2960 2717 3025 ab
2765 2960 3117 3025 Antonino

660 3073 1256 3132 commemoratum
1313 3073 1600 3143 tantum,
1659 3088 1699 3131 a
1744 3065 2088 3131 Nicandro
2149 3066 2221 3130 in
2280 3065 2507 3131 Ovidii
2566 3067 2845 3132 modum
2896 3068 3116 3153 ample

658 3179 1016 3238 tractatum
1052 3194 1235 3250 esse;
1286 3172 1763 3260 Hippucrenae
1814 3173 2146 3259 originem
2194 3172 2277 3238 ab
2311 3172 2555 3240 Ovidio
2599 3197 2683 3239 ex
2731 3174 3117 3240 certaminis

656 3280 1022 3346 Nicandrei
1069 3280 1211 3345 fine
1242 3281 1314 3345 in
1347 3280 1616 3346 initium
1650 3280 1826 3367 cycli
1862 3301 2011 3346 esse
2061 3288 2433 3367 promotam
2467 3282 2553 3346 ad
2585 3281 2818 3347 Persei
2851 3281 3115 3347 fabulas

659 3410 813 3454 cum
862 3389 1303 3474 sequentibus
1338 3390 1883 3476 coniungendas3
1916 3385 2153 3475 fugam
2186 3389 2469 3455 deorum
2501 3389 3118 3475 conversionesque

656 3496 752 3562 ibi
799 3497 973 3563 sicut
1018 3498 1201 3583 apud
1234 3497 1555 3563 Ovidium
1603 3497 1686 3563 ab
1733 3497 1960 3584 impiis
1994 3496 2233 3561 Pieriis
2268 3518 2417 3562 esse
2465 3503 2833 3575 cantatam;
2883 3498 3116 3562 Musas

657 3604 729 3669 in
751 3647 760 3656 -
784 3604 1110 3670 Nicandri
1165 3605 1532 3672 certamine
1587 3606 1772 3671 haud
1829 3626 2025 3671 secus
2083 3612 2283 3690 atque
2340 3605 2412 3669 in
2469 3603 2697 3670 Ovidii
2756 3606 3117 3690 Metamor-

662 3711 989 3797 phosibus
1057 3713 1549 3799 respondentes
1616 3712 1943 3778 cecinisse
2011 3710 2322 3798 Typhoei
2376 3734 2696 3798 poenam3
2763 3734 2900 3778 una
2964 3734 3118 3778 cum

657 3819 977 3885 Ascalabi
1022 3819 1254 3885 fabula
1300 3819 1372 3883 in
1421 3820 1787 3885 certamine
1819 3819 2202 3885 Nicandreo
2237 3819 2469 3884 Musas
2514 3819 2894 3887 reddidisse
2942 3842 3116 3885 com-

659 3926 886 4011 plures
934 3925 1199 3991 fabulas
1249 3927 1336 3992 ad
1370 3927 1683 3992 Cererem
1729 3926 2150 4013 pertinentes
2186 3926 2374 3991 velut
2419 3926 2491 3991 in
2525 3925 2752 3991 Ovidii
2799 3927 3113 3992 carmine.

873 4033 1049 4098 Rem
1097 4055 1289 4099 suam
1334 4035 1554 4100 Bethe
1610 4055 1861 4120 magna
1915 4055 2069 4099 cum
2127 4033 2492 4119 sagacitate
2547 4055 2627 4098 ac
2683 4034 2973 4100 mirabili
3016 4033 3117 4099 in-

662 4140 865 4225 genio
914 4140 1146 4226 gessit.
1241 4142 1563 4208 Virorum
1612 4141 1988 4218 doctorum,
2040 4139 2154 4226 qui
2199 4148 2399 4206 antea
2445 4141 2621 4207 hanc
2654 4141 3117 4226 quaestionem

659 4253 1148 4326 tractaverunt,
1209 4247 1849 4314 commentationem
1907 4247 2118 4314 solam
2177 4247 2479 4313 Forsteri
2494 4249 2545 4333 ³)
2604 4247 2928 4334 respexit3
2996 4248 3119 4313 sed

871 4427 917 4497 l)
957 4426 1111 4493 Quid
1149 4426 1337 4480 Bethe
1376 4425 1448 4483 de
1489 4425 1836 4499 compendio
1875 4427 2095 4497 putarit
2130 4444 2186 4480 v.
2225 4445 2279 4498 p.
2320 4428 2369 4481 3.

870 4516 917 4586 2)
955 4516 1293 4570 Antoninus
1314 4515 1597 4572 Liberalis
1622 4517 1768 4571 libro
1798 4520 2209 4588 ἑτεροιουμένων
2234 4520 2513 4590 συναγωγή
2540 4516 2816 4586 inscripto
2843 4512 3117 4570 Nicandri

661 4605 1213 4675 Metamorphoseon
1253 4604 1506 4660 frustula
1543 4607 1858 4661 memoriae
1896 4606 2148 4660 tradidit.

870 4698 916 4765 3)
955 4695 1073 4748 Der
1110 4694 1276 4748 Raub
1315 4694 1438 4748 und.
1477 4696 1569 4749 die
1608 4695 1922 4750 Ruckkehr
1960 4695 2061 4750 der
2097 4696 2444 4767 Proserpina
2479 4713 2532 4767 p.
2574 4695 2643 4750 80
2683 4712 2757 4750 SS.
