3534 5242
1348 273 1944 357 ‘'——11—

485 511 812 571 moratam
860 505 1042 570 idem
1089 494 1552 592 Apollodorus
1611 529 1733 593 pro
1794 506 2095 592 genuina
2148 514 2215 571 et
2263 506 2593 594 singulari
2641 506 2947 573 exhibuit

484 611 519 674 Ι
569 620 652 678 68
699 612 878 676 inter
927 612 1361 679 venationem
1427 614 1573 699 apri
1629 622 1698 677 et
1761 614 1941 678 inter
1991 615 2427 700 Argonautas
2475 614 2510 677 Ι
2557 623 2713 691 1123
2782 614 2945 700 quin

485 718 684 783 etiam
744 718 1172 785 Schoeneum
1220 720 1412 784 illum
1460 721 1823 807 adscripsit
1866 722 1902 786 Ι
1944 731 2029 788 84
2079 721 2250 808 patri
2282 722 2702 799 Athamanti,
2749 722 2947 787 Aeoli

486 834 554 891 et
602 826 991 892 Themistus
1031 826 1196 891 filio.

699 933 1246 1021 Comprobantur
1292 936 1421 999 hoc
1469 935 1780 1021 exemplo
1830 958 1927 1012 ea,
1978 958 2150 1020 quae
2183 936 2310 1000 Ed.
2348 935 2695 1001 Schwartz
2746 958 2946 1021 expo·

484 1042 621 1107 suit
669 1043 754 1107 de
802 1041 1360 1128 compendiorum
1409 1051 1593 1107 ortu:
1645 1043 1902 1108 scilicet
1950 1065 2033 1106 ex
2081 1043 2311 1128 cyclis
2406 1043 2579 1108 Nam
2628 1043 2696 1107 in
2746 1065 2947 1108 vena-

482 1150 687 1215 tionis
745 1150 977 1215 fabula
1034 1150 1409 1215 Schoeneia
1466 1151 1781 1215 omnibus
1840 1159 2021 1225 nota,
2079 1151 2147 1214 in
2197 1150 2470 1236 Pelasgi
2517 1174 2679 1217 vero
2742 1162 2948 1236 gente

490 1256 919 1342 explananda
966 1257 1096 1322 alia
1143 1257 1545 1343 genealogia
1592 1258 1653 1322 ei
1702 1279 1872 1344 opus
1923 1266 2085 1323 erat.
2177 1245 2183 1251 ¹

699 1364 1021 1450 Hyginus
1080 1372 1433 1450 utramque
1489 1366 1861 1430 Atalanten
1926 1365 2498 1442 commemoravit,
2557 1366 2604 1430 f.
2672 1375 2795 1433 185
2856 1369 2944 1452 (p.

489 1480 611 1538 117
674 1470 929 1556 Schm.)
998 1471 1413 1547 Boeoticam,
1486 1472 1532 1535 f.
1596 1482 1678 1539 99
1737 1473 2164 1550 Arcadicam,
2238 1495 2458 1558 neque
2516 1495 2679 1538 vero
2745 1474 2947 1538 huius

484 1579 764 1645 maritus
810 1579 1277 1666 Hippomenes
1328 1588 1431 1643 est
1477 1581 1598 1645 sed
1644 1581 2008 1666 Meleager.

709 1687 861 1752 Hoc
910 1686 1088 1751 enim
1158 1686 1307 1750 loco
1355 1708 1464 1750 res
1535 1687 1620 1751 ad
1678 1687 2068 1754 Atalantem
2125 1696 2508 1775 spectantes
2564 1687 2680 1752 vix
2746 1689 2950 1754 ullius

486 1793 812 1859 momenti
846 1801 1026 1869 sunt,
1063 1800 1244 1858 certe
1291 1815 1431 1858 non
1464 1794 1797 1879 gravioris
1834 1817 2031 1879 quam
2071 1797 2251 1880 quod
2287 1796 2574 1862 Ovidius
2606 1797 2950 1862 interdum

483 1901 856 1966 Atalanten
904 1899 1201 1986 appellat
1249 1899 1627 1986 Tegeaeam
1675 1901 1877 1979 (VIII
1911 1906 2065 1987 317)
2114 1903 2154 1965 i.
2207 1926 2262 1967 e.
2312 1902 2614 1969 Jasionis
2662 1903 2773 1968 vel
2821 1905 2947 1970 Ar·

485 2007 805 2073 cadicam.
906 2007 1224 2093 Hyginus
1274 2008 1455 2073 enim
1514 2031 1785 2074 causam
1836 2008 2091 2087 habuit,
2154 2033 2274 2074 cur
2332 2009 2461 2075 sibi
2505 2011 2638 2097 ipsi
2686 2018 2946 2076 contra·

486 2116 741 2181 diceret
787 2116 834 2179 f.
887 2124 989 2182 99.
1071 2116 1242 2202 Agit
1289 2116 1469 2182 enim
1520 2118 1604 2181 de
1651 2119 1856 2203 Auge
1889 2117 2085 2183 Alaoi
2133 2117 2297 2196 filia,
2344 2118 2387 2182 i.
2423 2141 2479 2183 6.
2532 2119 2617 2183 de
2666 2140 2948 2184 consan-

485 2222 735 2309 guinea
766 2224 1127 2289 Atalantae
1159 2225 1564 2302 Arcadicae3
1600 2225 1856 2289 scilicet
1889 2225 2125 2311 Auges
2172 2232 2239 2288 et
2270 2226 2629 2290 Atalantae
2679 2225 2949 2291 fabulae

485 2331 668 2417 apud
715 2310 1075 2417 Hyginum
1124 2331 1221 2396 nil
1268 2332 1522 2397 habent
1572 2354 1951 2397 commune.
2028 2343 2031 2347 ’

697 2438 889 2503 Idem
959 2439 1159 2525 plane
1217 2439 1399 2505 cadit
1452 2439 1523 2503 in
1580 2440 1986 2504 Pausaniam
2007 2442 2075 2524 1).
2181 2441 2221 2504 1.
2280 2440 2457 2505 VIII
2516 2441 2599 2505 de
2655 2440 2951 2506 Arcadia

484 2552 820 2631 agentem.
911 2547 979 2609 Is
1060 2546 1239 2611 enim
1293 2569 1699 2632 quamquam
1744 2548 2009 2612 fabulas
2045 2547 2414 2612 Arcadicas
2464 2547 2626 2613 satis
2675 2547 2947 2633 copiose

484 2661 686 2738 atque
734 2653 1156 2740 Apollodoro
1215 2694 1303 2702 —
1361 2663 1687 2740 quantum
1752 2655 2023 2740 quidem
2084 2656 2170 2720 ad
2229 2655 2472 2741 stirpes
2522 2656 2816 2742 pertinet
2863 2694 2950 2702 —

484 2760 856 2826 simillimas
907 2762 1132 2839 refert,
1193 2769 1420 2826 tamen
1480 2784 1533 2826 6.
1588 2771 1693 2838 35,
1723 2771 1802 2828 10
1851 2763 2239 2827 Atalantam
2291 2763 2693 2829 Arcadicam
2742 2769 2950 2848 negat

483 2867 968 2953 Boeticamque
1028 2868 1360 2934 Schoenei
1419 2869 1643 2948 affert,
1703 2870 1979 2955 paulum
2040 2870 2311 2955 quidem
2377 2870 2681 2946 miratus,
2742 2892 2949 2955 quare

489 2974 599 3040 illa
647 2997 725 3040 eo
775 2977 1180 3062 pervenerit.

698 3082 1014 3167 Denique
1063 3090 1130 3147 et
1179 3084 1347 3149 ratio
1381 3084 1694 3150 habenda
1728 3086 2036 3163 Diodori,
2082 3085 2194 3171 qui
2228 3086 2617 3151 Atalantem
2653 3085 2949 3172 appellat

488 3211 628 3254 non
676 3190 896 3254 solum
946 3190 1156 3254 filiam
1208 3190 1544 3256 Schoenei
1591 3192 1718 3273 (IV
1767 3197 1970 3276 34,4),
2032 3193 2153 3257 sed
2204 3193 2403 3257 etiam
2456 3192 2949 3278 Parthenopaei

488 3303 770 3361 matrem
820 3297 947 3378 (IV
997 3300 1198 3380 65,4),
1251 3320 1383 3383 quo
1418 3299 1566 3364 loco
1616 3298 1893 3386 Septem
1943 3300 2028 3364 ad
2062 3299 2386 3384 Thebas2)
2435 3306 2708 3378 tractat;
2757 3299 2948 3365 fabu-

490 3402 623 3468 lam
674 3404 944 3489 quidem
994 3405 1446 3491 Hippomenis
1493 3429 1634 3472 non
1680 3407 2001 3472 narravit.

697 3511 804 3577 De
837 3513 1160 3579 Atalanta
1207 3514 1417 3600 igitur
1466 3515 1630 3579 mihi
1677 3516 1840 3579 satis
1880 3515 2153 3580 videtur
2199 3516 2758 3594 demonstratum,
2807 3538 2947 3582 non

487 3639 635 3683 esse
686 3620 911 3705 gentis
960 3621 1232 3707 Pelasgi
1279 3623 1400 3686 sed
1448 3622 1904 3687 Deucalionis,
2186 3690 2192 3695 ,

695 3727 842 3793 Iam
909 3751 1076 3794 vero
1133 3737 1609 3795 convertamus
1677 3751 1803 3795 nos
1864 3731 1948 3795 ad
2006 3731 2277 3816 Augen,
2342 3731 2622 3797 alteram
2675 3731 2947 3817 Pelasgi

483 3835 763 3920 prolem,
814 3859 1014 3920 quam
1062 3838 1269 3902 affert
1309 3838 1489 3923 Apd.
1525 3838 1631 3901 III
1664 3847 1807 3904 103.
1867 3838 2090 3903 Huius
2139 3838 2436 3904 fabulam
2486 3837 2947 3924 Apollodorus

482 3941 585 4007 bis
634 3942 864 4021 refert,
915 3952 980 4008 et
1027 3945 1099 4009 in
1148 3945 1461 4009 Herculis
1510 3945 1690 4010 fabb.
1741 3945 1814 4009 ΙΙ
1869 3954 1991 4013 146
2043 3967 2140 4030 sq.
2193 3953 2259 4010 et
2305 3945 2376 4010 in
2421 3945 2696 4031 Pelasgi
2743 3952 2948 4031 gente

481 4049 590 4113 III
628 4059 751 4117 103
787 4072 909 4135 sq„
960 4052 1299 4136 utrimque
1347 4052 1587 4117 iisdem
1621 4050 1764 4116 fere
1812 4053 2062 4118 verbis
2141 4052 2513 4117 Pausanias
2544 4052 2587 4116 1.
2623 4074 2677 4117 c.
2712 4052 2947 4138 Auges

482 4156 786 4223 fabulam
832 4159 1010 4223 inter
1058 4167 1314 4223 ceteras
1362 4159 1697 4224 Arcadiae
1745 4160 1971 4237 affert,
2023 4160 2272 4246 quippe
2322 4160 2435 4245 qui
2485 4183 2604 4246 pro
2652 4159 2808 4226 libri
2843 4160 2949 4225 sui

482 4265 765 4331 consilio
823 4266 1089 4332 fabulas
1152 4267 1345 4331 aliter
1403 4290 1542 4332 non
1610 4275 1941 4333 conserat.
2070 4267 2413 4333 Diodorus
2474 4290 2639 4334 vero
2696 4268 2799 4333 IV
2861 4276 2945 4335 33

696 4444 742 4516 1)
781 4444 956 4499 Hunc
1016 4443 1459 4516 „compendium
1507 4446 2006 4517 mythologicum“
2066 4445 2304 4500 novisse
2360 4446 2595 4516 penitus
2651 4448 2948 4516 perspexit

480 4536 669 4590 Bethe
710 4540 932 4606 quaest.
973 4535 1143 4589 Diod.
1184 4535 1416 4606 passim.

699 4627 742 4697 2)
784 4626 1096 4680 Atalantae
1137 4625 1394 4679 fabulam
1432 4626 1492 4677 in
1532 4627 1787 4680 carmine
1829 4626 2201 4693 „Thebaidis“
2245 4628 2407 4699 epico
2449 4626 2714 4680 extitisse
2754 4626 2948 4682 conie-

484 4715 562 4769 cit
598 4717 786 4771 Bethe
824 4718 1059 4771 theban.
1100 4716 1514 4772 Heldenlieder
1551 4735 1604 4788 p.
1645 4718 1714 4770 86
1752 4721 1884 4770 adn.
1926 4718 2010 4772 11.
