3534 5242
1629 240 2073 299 ...24-

616 446 889 512 fabulae
961 445 1256 511 dictione
1327 452 1834 513 emanaverunt.
1929 447 2042 512 Ad
2109 446 2449 533 Apollinis
2522 449 2731 537 ἱέρακα
2795 448 3082 515 Ehwald

618 555 793 619 hanc
841 571 1038 620 avem
1085 575 1235 618 esse
1279 553 1664 639 symbolum
1700 552 1878 620 Solis
1910 555 2388 640 Aegyptorum
2436 554 2744 643 adnotat;
2796 554 3082 622 Ovidius

617 668 842 726 autem
869 660 1258 747 Apollinem
1289 660 1361 725 in
1395 681 1735 725 corvum
1771 682 1843 724 se
1876 660 2292 727 convertisse
2326 661 2573 727 narrat.
2609 662 2764 728 Huc
2798 663 3082 748 quadrat

620 769 804 854 quod
850 768 1099 854 Apollo
1155 768 1227 832 in
1286 766 1642 833 Coronidis
1690 768 1923 833 fabula
1970 767 2306 834 Ovidiana
2353 790 2558 836 corvo
2606 769 2822 835 utitur
2868 792 3079 837 sacro.

617 876 968 942 Habemus
1020 896 1182 961 ergo
1232 875 1485 961 duplex
1533 875 1919 961 compendii
1982 874 2299 941 Ovidiani
2346 876 2733 963 vestigium.
2813 877 3083 943 Deinde

617 983 975 1070 primariae
1024 1004 1172 1047 esse
1220 980 1700 1047 conversiones
1746 982 1819 1046 in
1868 982 2123 1069 piscem
2173 992 2241 1049 et
2286 1005 2564 1050 vaccam
2618 984 2859 1063 factae,
2919 985 3085 1050 mihi

617 1090 942 1156 videntur
1000 1112 1170 1176 quae
1227 1098 1512 1174 utraque
1570 1096 1637 1154 et
1683 1090 1865 1177 apud
1915 1089 2235 1156 Ovidium
2293 1098 2361 1156 et
2423 1091 2607 1179 apud
2652 1092 3082 1158 Antoninum
3196 1138 3202 1145 -

621 1205 823 1277 extat,
874 1198 996 1264 sed
1044 1198 1128 1263 ab
1177 1197 1388 1262 altero
1438 1196 1663 1262 alteris
1711 1196 2109 1263 numinibus
2158 1198 2515 1284 adscripta.

833 1306 918 1371 In
975 1305 1230 1391 piscem
1297 1304 1603 1371 converti
1659 1305 2000 1371 Venerem
2063 1304 2349 1372 Ovidius
2413 1306 2486 1371 in
2551 1306 2744 1372 fastis
2814 1329 3082 1393 quoque

624 1415 874 1498 (2,459)
923 1413 1245 1491 narravit,
1297 1435 1429 1498 quo
1477 1413 1626 1478 loco
1662 1413 1788 1477 dea
1835 1435 1972 1478 non
2020 1412 2093 1477 in
2126 1412 2357 1478 Nilum
2391 1413 2515 1479 sed
2559 1413 2630 1478 in
2664 1414 3082 1500 Euphratem

621 1520 880 1585 flumen
929 1521 1127 1606 fugit.
1200 1520 1486 1586 Ehwald
1534 1520 1833 1597 adnotat,
1882 1519 1953 1584 in
2001 1521 2127 1586 hac
2169 1543 2242 1585 re
2287 1520 2553 1586 fabulas
2604 1520 2918 1608 Syriacas
2966 1521 3080 1587 ali-

626 1627 789 1713 quid
833 1627 1151 1706 valuisse‚
1203 1649 1367 1712 quas
1415 1627 1596 1693 idem
1643 1634 1845 1714 poeta
1892 1627 2132 1693 adierit
2177 1628 2250 1693 in
2282 1627 2592 1694 Dercetis
2641 1628 2941 1714 piscinae
2986 1628 3082 1694 fa-

625 1735 785 1800 bula
832 1735 959 1817 (IV
1005 1741 1139 1820 45).
1237 1735 1648 1801 Coniunctas
1705 1736 2046 1801 Venerem
2102 1736 2520 1822 Euphratem
2581 1737 2834 1823 piscem
2898 1736 3084 1805 inve,-

622 1841 847 1907 nimus
904 1842 975 1906 in
1025 1843 1208 1928 Hyg.
1262 1865 1529 1927 quoque
1585 1843 1631 1906 f.
1690 1852 1837 1920 197,
1902 1842 2029 1907 etsi
2086 1842 2517 1910 condiciones
2583 1843 2667 1909 ab
2733 1844 2918 1909 hisce
2975 1843 3085 1909 ab·

624 1950 921 2016 horrent.
1018 1949 1155 2014 Sed
1205 1950 1523 2016 Ovidium
1570 1950 1640 2014 in
1690 1952 1817 2015 hac
1863 1950 2310 2016 conversione
2358 1957 2666 2016 secutum
2714 1973 2863 2016 esse
2910 1973 3085 2018 com-

626 2057 952 2142 pendium
1003 2057 1341 2143 quoddam
1390 2057 1697 2123 fabulare
1744 2057 1907 2123 satis
1955 2064 2252 2144 apparet.

837 2165 922 2230 In
971 2187 1245 2231 vaccam
1294 2165 1474 2251 apud
1519 2165 1841 2231 Ovidium
1887 2165 2096 2243 Juno,
2146 2166 2329 2252 apud
2377 2166 2806 2232 Antoninum
2839 2164 3083 2230 Vulca-

623 2294 754 2336 nus
801 2271 873 2336 in
923 2271 1168 2337 bovem
1216 2271 1655 2338 convertitur.
1735 2272 2033 2337 Junonis
2081 2273 2527 2338 conversione
2573 2273 2644 2337 in
2692 2274 3085 2339 memoriam

625 2379 929 2446 revocari
989 2379 1156 2444 Isim
1228 2378 1650 2464 cornigeram
1711 2379 2000 2444 Ehwald
2071 2380 2367 2445 adnotat.
2488 2382 2638 2446 Hoc
2710 2403 2871 2467 ergo
2938 2381 3085 2446 loco

626 2493 825 2573 poeta
873 2486 1224 2573 pristinam
1271 2493 1503 2551 notam
1550 2486 2001 2553 conservavit.

843 2594 1127 2661 Ovidius
1178 2601 1415 2679 quater
1462 2594 1788 2659 lectiones
1837 2594 2150 2680 vulgatas
2199 2596 2310 2660 vel
2358 2595 2708 2681 primarias
2758 2595 2859 2661 bis
2909 2617 3084 2661 com-

626 2702 858 2789 pendii
918 2701 1202 2767 adhibiti
1258 2702 1486 2780 refert,
1547 2702 1772 2769 varias
1829 2702 2177 2780 lectioneS,
2250 2703 2460 2767 semel
2520 2724 2673 2768 cum
2732 2702 3083 2768 Antonino

629 2811 727 2894 (in
775 2809 1069 2896 Dionysi
1116 2809 1588 2895 conversione)
1637 2815 1873 2877 contra
1911 2811 2262 2895 vulgatam
2322 2815 2482 2887 stat;
2544 2810 2937 2875 Antoninus
2985 2817 3090 2875 ter

625 2918 976 3002 vulgatam
1024 2917 1253 2995 refert,
1312 2917 1384 2981 in
1434 2917 1904 3003 discrepantiis
1964 2918 2173 2982 semel
2220 2940 2374 2982 cum
2423 2917 2690 2995 Ovidio,
2752 2923 2857 2982 ter
2904 2917 3087 2984 solus

629 3031 779 3089 stat.
900 3025 971 3089 Si
1043 3024 1205 3110 quid
1278 3047 1361 3088 ex
1431 3024 1765 3089 Antonini
1830 3022 2063 3089 fabula
2126 3024 2470 3090 Nicandro
2539 3024 2839 3089 tribuere
2908 3024 3084 3102 licet,

629 3140 946 3218 quattuor
1002 3133 1128 3196 hae
1190 3139 1350 3196 sunt
1409 3132 1890 3197 conversiones
1947 3131 2262 3217 Dionysi,
2319 3131 2656 3205 Herculis,
2715 3130 3090 3218 Hephaesti

628 3241 947 3305 Latonae.
1005 3240 1152 3305 Iam
1186 3262 1348 3306 vero
1381 3241 1569 3325 legas
1621 3236 1870 3324 quaeso
1905 3240 2241 3305 Antonini
2272 3239 2684 3305 locutionem
2732 3261 2786 3304 c.
2822 3249 2907 3306 28
2942 3240 2983 3325 ἓ
3018 3248 3086 3306 3:

628 3352 726 3415 καὶ
787 3347 1089 3415 Ἀπόλλων
1142 3352 1257 3436 μὲν
1313 3351 1545 3432 ἐγένετο
1609 3349 1794 3436 ἱέραξ,
1838 3345 2054 3438 Ἑρμῆς
2114 3352 2183 3414 δὲ
2228 3351 2358 3433 ἶβις,
2400 3342 2575 3435 Ἅρης
2637 3351 2707 3414 δὲ
2771 3351 3095 3420 λεπιδωτὸς

630 3458 821 3547 ἰχθύς,
861 3450 1120 3544 Ἄρτεμις
1161 3459 1230 3522 δὲ
1262 3455 1559 3544 αἴλουρος,
1609 3459 1814 3543 τράγῳ
1860 3459 1930 3522 δὲ
1969 3458 2261 3531 εἰκάζεται
2301 3458 2592 3533 Διόνυσος,
2640 3459 2797 3543 ἑλλῷ
2843 3454 2901 3521 δ’
2920 3454 3088 3543 Ἡρα·

636 3568 796 3654 κλῆς,
862 3566 972 3648 βοῒ
1029 3560 1429 3652 δ’Ἥφαιστος,
1493 3568 1725 3652 αυγαλῇ
1790 3567 1860 3629 δὲ
1928 3568 2128 3651 Λητώ.
2220 3562 2465 3628 Nonne
2529 3560 2856 3627 habemus
2923 3562 3091 3627 duas

636 3670 1158 3736 conversionum
1193 3670 1756 3748 enumerationes,
1794 3693 2078 3755 quarum
2112 3670 2322 3735 altera
2355 3669 2592 3756 incipit
2625 3668 2852 3735 verbis
2888 3675 3091 3759 τράγῳ

632 3783 702 3847 δὲ
748 3780 1036 3853 εἰκάζεται
1068 3829 1080 3841 .
1119 3830 1132 3841 .
1172 3829 1184 3840 .
1203 3772 1236 3840 ’.3

846 3884 1116 3949 Deinde
1149 3884 1427 3949 alteram
1462 3883 1772 3970 Typhoei
1819 3883 2121 3949 fabulam
2169 3883 2295 3949 sub
2329 3884 2556 3949 Aetna
2596 3890 2826 3949 monte
2871 3884 3089 3949 iacen-

633 3993 719 4058 tis
749 4015 831 4057 ex
860 3991 1204 4059 Nicandro
1239 4013 1386 4057 esse
1421 3993 1729 4057 haustam
1765 3991 2118 4057 contendit
2141 3992 2362 4056 Bethe
2395 3991 2515 4056 sed
2548 3990 2738 4055 addit
2756 3990 3090 4056 Antonini

633 4100 846 4165 verba
893 4100 1165 4164 scholiis
1215 4122 1363 4164 esse
1398 4099 1872 4164 contaminata.
1934 4099 2087 4164 Sint
2119 4121 2300 4177 sane,
2338 4099 2458 4165 sed
2492 4118 2885 4176 consensuS,
2921 4119 3089 4183 quos

634 4208 855 4271 Bethe
899 4207 1077 4272 inter
1111 4207 1337 4273 Ovidii
1369 4229 1610 4273 versus
1645 4215 1711 4271 et
1744 4206 2080 4273 Antonini
2112 4206 2410 4272 fabulam
2443 4214 2800 4293 purgatam
2835 4205 3088 4283 statuit,

635 4338 772 4379 non
831 4322 993 4379 sunt
1039 4314 1171 4379 nisi
1218 4317 1346 4381 hoc
1404 4337 1614 4379 unum
1662 4314 1946 4379 factum:
2016 4315 2440 4401 Typhoeum,
2491 4313 2605 4399 qui
2662 4313 2922 4378 caelum
2981 4336 3090 4378 ex·

636 4445 943 4508 pugnare
978 4422 1289 4500 voluerit,
1324 4422 1543 4487 iacere
1578 4421 1703 4486 sub
1726 4422 1953 4487 Aetna
1980 4429 2047 4487 et
2069 4422 2380 4487 flammas
2414 4442 2752 4507 respuere.
2805 4420 3089 4485 Ovidius

636 4551 858 4614 neque
921 4536 1419 4607 commemorat,
1485 4528 1728 4614 quibus
1789 4528 2301 4595 condicionibus
2350 4536 2416 4593 et
2476 4550 2676 4613 quem
2734 4527 2819 4592 ad
2877 4527 3092 4592 finem

638 4636 1007 4723 Typhoeus
1065 4637 1336 4723 genitus
1395 4637 1501 4715 sit,
1573 4635 1643 4701 id
1703 4637 1885 4723 quod
1934 4637 2114 4723 apud
2165 4635 2591 4701 Antoninum
2640 4636 2682 4723 ξ
2736 4644 2766 4701 1
2820 4635 3091 4721 copiose
