3534 5242
1578 1141 1755 1231 Cap.
1805 1145 1859 1209 Ι.

544 1307 646 1388 De
704 1306 1135 1408 compendio
1192 1305 1518 1389 fabulari
1575 1307 1672 1389 ab
1730 1308 1977 1391 ovidio
2036 1308 2104 1391 in
2164 1308 2898 1410 metamorphositas

1230 1450 1801 1534 conscribendis
1856 1450 2214 1534 adhibito.

701 1646 779 1710 P.
830 1645 1117 1712 Ovidius
1158 1645 1343 1712 Naso
1389 1645 1460 1711 in
1508 1646 2174 1733 Metamorphosibus
2222 1646 2730 1714 conscribendis
2782 1667 2950 1733 quos

488 1752 715 1818 fontes
773 1753 1160 1819 adhibuerit
1222 1760 1299 1817 ut
1354 1754 1556 1840 plane
1620 1754 2095 1839 cumulateque
2163 1754 2553 1840 perficiatur
2623 1753 2949 1840 quaestio,

489 1882 701 1947 prope
751 1860 1151 1927 adventavit
1178 1868 1596 1926 momentum
1630 1861 1956 1948 temporis
1987 1860 2152 1926 inde
2199 1884 2238 1927 a
2276 1861 2655 1948 Kienzlei1)
2708 1860 2952 1926 disser-

487 1967 746 2033 tatione
796 1967 1049 2053 publici
1093 1967 1260 2033 iuris
1306 1968 1504 2035 facta.

703 2074 846 2140 Res
892 2075 1117 2141 adhuc
1162 2076 1235 2141 in
1282 2075 1489 2142 dubio
1538 2077 1962 2155 versabatur,
2020 2076 2201 2162 quod
2248 2075 2506 2142 nemini
2551 2075 2950 2162 contigerat,

489 2188 565 2245 ut
610 2180 906 2247 fontium
950 2174 1419 2268 'quaestionem
1467 2191 1650 2249 recte
1695 2183 1917 2249 iniret.

702 2290 1287 2358 Verisimillimum
1346 2298 1450 2357 est
1498 2291 1841 2371 Ovidium,
1903 2292 2018 2378 qui
2074 2314 2213 2358 non
2262 2298 2441 2357 esset
2487 2290 2748 2378 primus
2796 2311 2952 2373 con-

488 2396 883 2487 versionum
930 2398 1371 2485 conscriptor,
1422 2399 1794 2486 perlegisse
1845 2407 2047 2485 atque
2082 2421 2283 2485 quam
2316 2398 2710 2485 saepissime
2744 2396 2952 2463 mani-

489 2504 616 2570 bus
665 2527 975 2573 versasse
1006 2505 1336 2571 Nicandri
1365 2506 1717 2572 Parthenii
1765 2514 2146 2573 ceterorum
2180 2506 2592 2594 exemplaria
2637 2528 2765 2572 nec
2810 2527 2952 2571 non

487 2612 702 2678 Macri
755 2612 1006 2679 sodalis
1056 2613 1639 2700 Ornithogoniam.
1736 2613 2136 2700 Antiquitus
2192 2635 2358 2681 vero
2416 2636 2630 2679 unum
2685 2620 2951 2679 tantum

488 2719 817 2786 habemus
887 2720 1182 2787 fontium
1251 2722 1714 2788 testimonium
1787 2722 2016 2800 Probi,
2090 2721 2205 2807 qui
2272 2722 2360 2786 ad
2429 2720 2639 2807 Verg.
2699 2721 2950 2806 Georg.

487 2827 522 2891 I
570 2838 698 2896 399
762 2830 871 2913 (=
923 2828 1297 2895 Schneider
1342 2829 1661 2896 Nicandr.
1712 2829 1796 2893 fr.
1850 2833 1961 2912 64)
2020 2829 2299 2895 adnotat
2355 2827 2676 2895 Ovidium
2732 2828 2806 2894 in
2862 2828 2952 2893 al-

489 2956 786 3022 cyonum
834 2936 1191 3002 volucrum
1253 2936 1517 3022 origine
1576 2935 1942 3002 indicanda
1999 2937 2209 3003 altero
2265 2937 2415 3002 loco
2465 2936 2602 3021 (XI
2649 2939 2806 3022 270)
2854 2956 2955 2999 se-

487 3051 719 3110 cutum
791 3064 940 3109 esse
1009 3044 1430 3110 Nicandrum
1497 3045 1709 3110 altero
1780 3044 1945 3128 (VII
2012 3048 2167 3131 401)
2238 3043 2692 3110 Theodorum.
2802 3042 2956 3108 Hoc

488 3173 701 3217 unum
758 3151 1129 3217 frustulum
1185 3152 1372 3219 viros
1445 3153 1679 3218 doctos
1751 3151 1997 3217 satiare
2052 3174 2191 3218 non
2239 3135 2484 3239 potest,
2555 3148 2955 3237 praesertim

489 3279 643 3323 cum
703 3259 1060 3326 dimidium
1123 3259 1494 3326 redimatur
1541 3283 1620 3326 ea
1667 3283 1761 3338 re,
1823 3260 2003 3345 quod
2063 3260 2147 3325 de
2197 3259 2621 3344 Theodoro2)
2666 3257 2766 3323 nil
2810 3257 2956 3323 fere

489 3365 574 3429 ad
621 3375 923 3433 nostram
973 3375 1262 3433 aetatem
1309 3368 1624 3455 pervenit
1680 3369 2182 3454 alcyonumque
2228 3366 2462 3432 fabula
2508 3364 2951 3431 desideratur.

701 3472 805 3538 Ne
852 3475 1141 3563 amplius
1184 3475 1511 3542 disseram
1561 3477 1646 3541 de
1692 3476 1797 3555 iis,
1849 3475 1963 3562 qui
2012 3475 2097 3541 ad
2131 3475 2771 3561 Metamorphoseon
2821 3471 2955 3537 sin-

488 3580 685 3666 gulas
732 3580 998 3648 fabulas
1059 3583 1464 3671 scriptorum
1521 3592 1834 3649 veterum
1893 3584 2078 3650 locos
2140 3582 2498 3670 parallelos
2556 3579 2954 3666 colligentes

488 3710 639 3754 sese
703 3688 1105 3757 inventuros
1172 3713 1321 3756 esse
1375 3691 1602 3757 font-es
1662 3697 2112 3777 speraverunt
2176 3728 2263 3738 -—
2329 3696 2397 3754 et
2454 3686 2756 3754 omnium
2811 3687 2957 3751 fere

488 3795 895 3884 scriptorum
966 3799 1397 3885 antiquorum
1464 3798 1757 3884 vestigia
1816 3798 2143 3883 quaedam
2195 3795 2792 3883 deprehenderunt
2836 3816 2953 3858 —2

488 3904 798 3990 protinus
831 3927 1272 3992 properemus
1307 3907 1393 3972 ad
1428 3927 1565 3984 eos,
1603 3905 1717 3991 qui
1752 3904 2075 3971 Ovidium
2106 3904 2177 3969 in
2212 3903 2606 3970 universum
2641 3923 2782 3967 non
2815 3908 2956 3965 tam

486 4012 713 4079 fontes
772 4013 1080 4079 diversos
1128 4013 1198 4078 in
1260 4014 1616 4080 consilium
1675 4011 2069 4077 adhibuisse
2127 4018 2194 4076 et
2250 4008 2685 4081 coniunxisse
2755 4030 2957 4094 quam

488 4143 701 4186 unum
750 4127 1091 4187 auctorem
1142 4128 1448 4186 secutum
1499 4142 1648 4186 esse
1695 4119 1985 4206 probare
2033 4119 2313 4185 malunt.

698 4230 914 4296 Paulo
947 4236 1106 4316 post
1138 4228 1456 4294 Carolum
1487 4230 1725 4314 Lange
1749 4229 1820 4312 3),
1872 4227 1987 4313 qui
2020 4224 2499 4313 compendium
2532 4224 2955 4313 Hygineum,

698 4448 745 4517 l)
786 4445 1030 4503 Ovidius
1088 4464 1203 4518 qua
1256 4445 1485 4499 ratione
1534 4443 1946 4515 compendium
1997 4442 2466 4516 mythologicum
2522 4440 2596 4495 ad
2643 4440 2957 4496 Metamor-

486 4538 718 4608 phoseis
759 4537 1197 4609 componendas
1235 4534 1579 4590 adhibuerit.
1654 4534 1832 4588 Basil.
1876 4534 2030 4588 1903.

701 4628 746 4698 ²)
783 4646 839 4682 v.
881 4626 1188 4695 SusemihL
1228 4626 1437 4682 Gesch,
1480 4624 1534 4679 d.
1575 4643 1660 4696 gr.
1700 4624 1765 4678 L.
1807 4625 1842 4678 i.
1883 4623 1936 4677 d.
1975 4624 2535 4678 Alexandrinerzeit.
2575 4622 2619 4675 Ι.
2659 4639 2711 4692 p.
2753 4620 2875 4675 407.

697 4720 744 4789 ³)
783 4718 856 4773 de
882 4736 1040 4774 nexu
1066 4719 1220 4774 inter
1247 4718 1307 4772 O.
1335 4718 1375 4772 J
1378 4716 1479 4770 ulii
1506 4714 1730 4787 Hygini
1758 4730 1934 4785 opera
1959 4714 2359 4786 mythologica
2387 4756 2398 4767 .
2424 4756 2435 4767 .
2460 4755 2471 4767 .
2499 4713 2768 4783 Mogunt.
2801 4711 2957 4766 1865.

2595 4804 2620 4856 l
