3534 5242
1437 269 1885 330 —19—

436 480 581 568 ipse
640 480 835 559 vidit,
882 480 1068 545 hunc
1132 501 1270 545 non
1328 485 1466 544 tam
1514 483 1916 564 argumenta
1978 477 2157 543 iusta
2219 498 2420 562 quam
2485 497 2703 542 meras
2752 474 2890 562 opi-

439 587 680 653 niones
727 585 1140 675 praebuisse.

653 695 748 760 At
804 693 974 761 ratio
1031 693 1093 759 ei
1149 693 1463 760 habenda
1518 692 1650 758 fuit
1703 691 2015 777 Plaehnii
2031 693 2101 776 ¹).
2203 693 2273 757 Is
2333 691 2513 757 enim
2567 698 2705 756 tres
2751 697 2895 757 tan-

437 810 582 869 tum
641 800 906 868 fabulas
962 800 1112 866 illas
1158 800 1507 866 Pieridum
1555 798 1867 887 Typhoei
1915 798 2253 877 Ascalabi,
2305 822 2476 885 quae
2523 821 2610 864 ex
2660 806 2896 885 quarto

436 908 765 976 Nicandri
819 912 973 998 ἑτερ.
1038 907 1212 974 libro
1278 906 1666 973 afferuntur
1731 907 1814 972 ab
1862 906 2215 972 Antonino
2264 929 2318 972 c.
2371 916 2432 986 9,
2481 916 2588 985 28,
2639 915 2746 985 24,
2814 929 2897 972 ex

437 1015 784 1082 Nicandro
819 1015 1128 1082 hausisse
1162 1013 1484 1081 Ovidium
1533 1013 1866 1101 sapientia
1911 1036 1989 1079 ac
2036 1013 2499 1081 moderatione
2542 1014 2897 1093 concessit,

441 1123 758 1209 quoniam
803 1121 1201 1188 incredibile
1250 1129 1431 1188 esset
1478 1122 1649 1188 duos
1699 1145 1783 1187 ex
1831 1120 2049 1208 poetis
2100 1121 2378 1188 Graecis
2431 1120 2612 1187 illius
2661 1120 2898 1187 aetatis

442 1228 848 1296 doctissimis
895 1236 1033 1295 tres
1080 1229 1347 1296 fabulas
1396 1229 1597 1316 plane
1630 1229 1991 1295 dissimiles
2040 1229 2279 1296 eodem
2317 1229 2466 1296 loco
2514 1229 2900 1296 narravisse

441 1344 509 1402 et
551 1337 859 1423 ineptum
907 1344 1088 1402 esset
1133 1336 1567 1414 contendere,
1617 1336 1940 1402 Ovidium
1989 1337 2567 1423 metamorphoses
2615 1336 2899 1424 scriptu-

448 1466 600 1511 rum
647 1465 734 1509 ne
781 1467 995 1510 unum
1043 1444 1318 1530 quidem
1365 1466 1450 1509 ex
1494 1443 1627 1509 illis
1673 1444 2003 1530 poematis
2046 1443 2325 1510 Graecis
2371 1443 2903 1512 transformatio·

442 1575 606 1620 num
664 1551 931 1617 fabulas
988 1550 1422 1618 narrantibus
1477 1550 1876 1638 inspexisse.
1978 1552 2068 1616 Et
2113 1575 2177 1638 p.
2229 1560 2314 1619 30
2360 1550 2433 1617 in
2481 1551 2902 1619 dissensibus

439 1658 618 1724 inter
687 1659 1006 1726 Ovidium
1079 1658 1635 1745 Nicandrumque
1705 1660 2093 1725 extantibus
2158 1659 2232 1725 in
2288 1660 2608 1726 Ascalabi
2671 1660 2904 1727 fabula

443 1766 823 1832 enarranda
880 1766 977 1832 sic
1035 1766 1473 1832 existimavit:
1545 1767 1893 1854 „Apparet
1949 1767 2150 1833 etiam
2207 1790 2329 1833 cur
2386 1767 2664 1834 nomina
2710 1768 2903 1834 dissi-

443 1875 657 1941 mulet
704 1874 1010 1941 Ovidius.
1085 1874 1215 1954 Qui
1261 1897 1416 1941 cum
1463 1875 1695 1961 paucis
1747 1876 2060 1942 versibus
2108 1883 2264 1963 post
2307 1876 2610 1942 fabulam
2658 1875 2744 1941 de
2775 1875 2903 1941 As-

443 1983 725 2069 calapho
771 1989 1021 2062 narret,
1080 1984 1215 2050 duo
1272 1983 1439 2049 haec
1498 1984 1777 2049 nomina
1832 1983 2171 2049 simillima
2227 1989 2429 2069 atque
2487 1983 2545 2049 si
2590 1983 2904 2050 Welcke-

444 2112 592 2155 rum
627 2089 810 2172 (Alte
841 2089 1260 2156 Denkmaler
1289 2090 1325 2154 I
1359 2095 1520 2178 409)
1555 2090 1922 2175 sequimur,
1971 2091 2210 2157 eadem
2247 2091 2320 2156 in
2353 2114 2491 2157 una
2520 2089 2906 2157 fabularum

444 2195 618 2262 serie
665 2196 987 2263 adhibere
1019 2220 1158 2264 non
1194 2204 1437 2283 potest.
1519 2197 1668 2276 Quo
1716 2198 2019 2264 efficitur
2049 2206 2422 2287 praeterea,
2464 2198 2907 2285 Ascalaphi

446 2303 718 2389 quidem
749 2304 1104 2371 fabulam
1135 2326 1293 2372 non
1326 2328 1419 2371 ex
1449 2305 1859 2371 Nicandro
1894 2314 2295 2394 sumptam
2337 2328 2539 2373 esse.
2617 2307 2906 2393 Itaque

444 2411 819 2477 Forsteri
851 2413 941 2498 (p.
979 2417 1089 2499 84)
1124 2411 1422 2499 opinio,
1454 2412 1536 2478 in
1567 2419 1737 2478 tota
1771 2413 1865 2479 de
1895 2414 2395 2502 Proserpina
2433 2414 2907 2480 narratione

445 2517 820 2585 Ovidium
886 2526 1259 2585 accurate
1323 2518 1826 2586 Nicandrum
1892 2528 2258 2587 secutum
2323 2543 2519 2600 esse,
2591 2522 2685 2588 de
2752 2544 2907 2587 una

445 2632 661 2692 certe
727 2648 819 2691 ex
886 2626 1420 2693 mutationum
1486 2626 1801 2693 fabulis
1861 2627 2218 2694 refutata
2277 2636 2416 2694 est.
2512 2630 2618 2696 Ac
2675 2652 2764 2694 ne
2821 2628 2907 2694 de

447 2731 688 2798 ceteris
723 2732 997 2819 quidem
1028 2733 1262 2820 liquet,
1314 2741 1543 2800 utrum
1576 2758 1660 2799 ex
1691 2734 2037 2801 Nicandro
2070 2759 2155 2801 an
2189 2735 2467 2801 aliunde
2512 2735 2902 2802 fluxerint.“

662 2839 824 2906 Sine
896 2841 1103 2908 dubio
1170 2841 1482 2907 Plaehnii
1553 2843 1901 2909 decretum
1971 2843 2185 2909 multo
2247 2852 2351 2909 est
2407 2843 2638 2910 sanius
2707 2866 2908 2929 quam
2953 2861 2959 2868 ·

447 2946 750 3012 Forsteri
797 2947 1153 3014 somnium.

662 3054 884 3120 Bethe
922 3077 1088 3122 vero
1120 3046 1430 3123 Plaehnii
1477 3066 1878 3145 argumenta
1923 3057 2251 3124 acuminis
2299 3058 2502 3146 plena
2545 3081 2683 3126 uno
2732 3058 2905 3125 saltu

449 3161 796 3248 superavit
843 3168 1046 3248 atque
1079 3164 1164 3229 ad
1197 3164 1501 3230 Forsteri
1533 3165 2110 3233 constructionem
2155 3166 2354 3232 novis
2403 3174 2471 3232 et
2517 3167 2908 3234 melioribus

447 3267 910 3334 fundamentis
959 3270 1452 3338 sublevandam
1486 3272 1856 3338 contendit.
1935 3273 2158 3360 Magis
2193 3296 2394 3359 quam
2428 3275 2708 3341 Forster
2754 3297 2910 3362 ope-

449 3398 592 3441 ram
625 3376 812 3441 dedit
858 3376 931 3442 in
960 3377 1288 3443 Nicandri
1321 3378 1685 3464 Ovidiique
1718 3380 1969 3446 fabulis
2005 3380 2293 3467 singulis
2324 3382 2504 3448 inter
2549 3405 2698 3449 sese
2730 3404 2908 3449 com-

449 3481 788 3569 parandis.
864 3482 1254 3551 Consensus
1287 3484 1488 3552 facile
1519 3486 1721 3552 nimis
1755 3487 2158 3566 aestimavit,
2195 3488 2704 3577 discrepantiaS,
2743 3512 2909 3576 quas

450 3611 489 3655 a
533 3588 862 3656 Plaehnio
895 3590 1253 3658 ventilatas
1285 3591 1405 3657 vix
1453 3592 1626 3659 scire
1670 3593 1967 3673 videtur,
2016 3594 2312 3662 minores
2346 3605 2549 3682 atque
2592 3620 2676 3662 ex
2722 3597 2910 3684 inge-

447 3695 563 3762 nio
610 3704 851 3784 poetae
881 3697 1348 3785 Antoninique
1381 3700 1868 3795 mythographi
1898 3701 2336 3789 neglegentia
2374 3703 2694 3772 nimirum
2730 3694 2911 3772 ortas
2979 3746 2986 3754 .

450 3825 601 3869 esse
649 3803 932 3870 censuit.
1025 3805 1110 3870 In
1160 3804 1470 3893 Typhoei
1516 3814 1785 3874 tantum
1830 3809 2064 3875 fabula
2108 3809 2194 3875 ab
2246 3817 2537 3896 utroque
2583 3812 2912 3899 scriptore

452 3933 653 3997 quam
703 3910 1163 3978 diversissime
1208 3921 1493 3981 tractata
1541 3914 1937 4001 diligentius
1992 3916 2182 3982 litem
2239 3918 2649 3984 aestimavit:
2711 3942 2911 4005 quam

449 4018 772 4096 fabulam,
832 4040 965 4104 qua
1019 4018 1092 4085 in
1139 4021 1473 4087 Antonini
1520 4022 1815 4108 epitoma
1862 4023 2144 4090 deorum
2190 4024 2358 4111 fuga
2414 4025 2617 4093 simul
2663 4034 2732 4093 et
2778 4026 2912 4115 Ty-

450 4124 653 4211 phoei
698 4147 919 4212 poena
965 4125 1421 4213 coniungitur,
1479 4128 1553 4193 in
1602 4129 1771 4195 duas
1827 4130 2149 4218 pristinas
2206 4139 2432 4219 partes
2491 4155 2641 4200 esse
2688 4134 2907 4201 seiun-

450 4233 767 4317 gendam,
815 4232 911 4301 in.
936 4232 1165 4300 Ovidii
1210 4256 1487 4301 morem.
2655 4254 2662 4261 ·

665 4339 755 4404 Et
826 4341 953 4407 hac
1033 4339 1106 4406 in
1180 4340 1412 4408 fabula
1490 4344 1847 4410 tractanda
1931 4344 2242 4411 Plaehnii
2331 4347 2912 4416 ratiocinationem

666 4590 712 4660 1)
751 4589 840 4643 De
878 4588 1172 4646 Nicandro
1211 4592 1454 4664 aliisque
1490 4595 1681 4664 poetis
1707 4593 1945 4649 Graecis
1983 4596 2055 4649 ab
2083 4594 2292 4651 Ovidio
2329 4598 2389 4650 in
2424 4596 2590 4653 Mett.
2630 4600 2913 4653 conscrib.

455 4674 743 4732 adhibitis.
799 4677 967 4734 Halis
1007 4678 1221 4736 Saxon.
1263 4680 1419 4736 1882.

2529 4757 2595 4813 2⁸¹
