3534 5242
1463 245 1915 303 „31—

460 452 851 529 candreum,
901 458 1111 518 artem
1162 451 1313 518 dico
1360 451 1550 517 vocis
1598 452 1936 518 humanae
1977 451 2365 530 imitandae,
2416 474 2617 538 quam
2667 451 2927 518 rettulit

462 559 870 626 transiturus
918 582 957 624 a
1003 558 1267 625 Phineo
1316 559 1403 624 ad
1450 566 1823 627 certamen:

428 672 433 675 ’
550 689 615 733 v.
666 675 796 734 294
888 667 1087 732 Musa
1133 667 1566 753 loquebatur:
1616 690 1883 754 pennae
1931 689 2220 733 sonuere
2266 691 2389 755 per
2435 689 2653 743 auraS,

887 796 1160 860 voxque
1208 774 1621 840 salutantum
1668 774 1873 840 ramis
1920 774 2239 841 veniebat
2296 775 2380 841 ab
2429 775 2600 840 altis.

891 880 1210 969 Suspicit,
1260 889 1325 947 et
1372 882 1670 968 linguae,
1711 882 1994 967 quaerit,
2041 889 2179 948 tam
2228 889 2412 948 certa
2455 883 2812 969 loquentes

890 990 1075 1055 unde
1123 996 1387 1057 sonent.
1422 989 1905 1076 hominemque
1945 996 2141 1077 putat
2171 990 2351 1057 Jove
2397 997 2557 1056 nata
2602 991 2923 1057 locutum.

891 1097 1057 1164 Ales
1106 1106 1266 1164 erat.
1319 1120 1738 1185 numeroque
1785 1120 2056 1177 novem,
2106 1120 2229 1163 sua
2273 1099 2415 1165 fata
2454 1106 2835 1185 querenteS,

894 1206 1284 1273 institerant
1330 1206 1532 1272 ramis
1581 1206 1923 1271 imitantes
1973 1206 2197 1272 omnia
2244 1206 2453 1293 picae.

466 1314 670 1379 Haud
716 1313 1061 1400 intellego,
1111 1336 1232 1379 cur
1277 1314 1467 1400 picae
1516 1315 1711 1380 deam
1760 1315 2075 1392 salutent,
2127 1313 2445 1400 quoniam
2499 1314 2724 1401 impiis
2772 1337 2923 1380 can-

464 1421 647 1487 tibus
707 1421 1262 1487 obtrectaverunt
1311 1421 1592 1487 deorum
1640 1420 2057 1496 numinibus
2117 1427 2185 1486 et
2250 1443 2370 1486 cur
2426 1423 2560 1486 huc
2614 1421 2929 1487 venerint

465 1529 550 1595 ad
597 1528 738 1594 fata
784 1550 907 1594 sua
947 1529 1311 1614 querenda,
1344 1537 1702 1616 postquam
1753 1531 1846 1615 (v.
1887 1533 2041 1614 675)
2091 1529 2330 1616 procul
2377 1529 2706 1595 abierunt.
2766 1530 2926 1616 Ipse

464 1635 663 1723 poeta
717 1637 894 1702 hanc
951 1635 1357 1702 sententiam
1422 1637 1556 1702 huc
1618 1637 1899 1703 minime
1947 1638 2394 1722 quadrantem
2447 1636 2561 1703 vix
2633 1636 2781 1723 ipse
2826 1637 2925 1702 in-

466 1743 676 1822 venit,
727 1743 848 1809 sed
895 1742 1094 1809 facile
1144 1766 1227 1808 ex
1275 1744 1512 1810 eodem
1561 1744 1817 1811 scholio
1866 1744 2108 1810 hausit.

677 1852 982 1918 Primum
1033 1875 1196 1939 ergo
1247 1874 1647 1938 quaeramus
1697 1854 1783 1918 de
1830 1852 2226 1939 garrulitate
2272 1853 2560 1918 illarum.
2628 1850 2925 1917 Circum-

466 1960 907 2048 spicientibus
955 1959 1152 2026 nobis
1201 1960 1472 2027 obviam
1518 1982 1658 2026 non
1705 1960 1888 2025 fiunt
1933 1960 2225 2039 fabulae,
2276 1960 2521 2046 quibus
2565 1959 2925 2046 garrulitas

467 2068 768 2155 picarum
838 2074 1182 2134 tractetur.
1301 2068 1541 2154 Neque
1611 2090 1898 2154 usquam
1971 2067 2334 2134 adnotatur
2408 2090 2491 2132 ex
2559 2067 2926 2145 NicandrO,

465 2175 722 2240 Pierias
789 2183 1065 2262 propter
1120 2175 1584 2262 garrulitatem
1643 2197 1793 2241 esse
1850 2196 2234 2242 conversas
2329 2175 2569 2261 Neque
2614 2176 2798 2241 hunc
2852 2175 2926 2240 in

468 2282 834 2347 certamine
870 2282 1315 2348 describendo
1348 2284 1478 2352 hoc
1521 2282 1764 2349 vitium
1809 2290 2137 2349 tractasse
2170 2283 2494 2370 probatur
2527 2306 2611 2347 ex
2659 2282 2927 2348 silentio

465 2389 834 2469 Plutarchi,
897 2390 1032 2476 qui,
1092 2412 1495 2476 quamquam
1544 2390 1871 2457 Nicandri
1918 2413 2123 2478 opera
2180 2413 2380 2477 quam
2437 2390 2690 2478 optime
2735 2390 2931 2456 novit

465 2537 554 2546 —
600 2497 1003 2584 conscripsit
1050 2497 1230 2563 enim
1279 2498 1838 2565 commentarium
1884 2499 1984 2564 ad·
2020 2497 2346 2564 Theriaca
2390 2537 2498 2574 ——‚
2569 2506 2796 2563 tamen
2855 2497 2926 2562 in

469 2604 1036 2672 commentatione
1085 2605 1170 2670 de
1218 2606 1613 2692 garrulitate
1662 2605 2077 2672 mentionem
2122 2627 2346 2690 neque
2391 2605 2766 2671 Pieriarum
2812 2627 2927 2671 ne-

470 2733 602 2796 que
630 2711 958 2777 Nicandri
1004 2712 1185 2779 fecit.
1282 2713 1454 2779 Cum
1500 2714 1711 2800 igitur
1757 2713 1829 2779 in
1875 2712 2290 2780 Graecorum
2336 2712 2577 2778 litteris
2626 2713 2926 2798 picarum

470 2818 830 2905 garrulitas
877 2819 1131 2885 nullius
1177 2821 1504 2887 momenti
1553 2827 1752 2899 esset,
1802 2821 1919 2886 vix
1967 2845 2005 2886 a
2049 2820 2198 2887 viro
2251 2821 2544 2906 quodam
2593 2820 2792 2886 docto
2841 2819 2929 2885 ad

468 2928 652 2993 hunc
698 2926 1025 2992 Nicandri
1070 2932 1221 3017 ἑτερ.
1275 2929 1497 2994 locum
1547 2929 1869 2995 adnotata
1913 2928 2080 2994 mihi
2126 2928 2416 2994 videtur.
2722 2936 2729 2942 '

684 3032 954 3099 Deinde
987 3043 1315 3120 quantum
1363 3036 1604 3101 attinet
1649 3036 1734 3101 ad
1784 3035 2088 3123 picarum
2135 3043 2345 3101 artem
2383 3035 2714 3114 imitandi,
2762 3036 2928 3100 haec

467 3140 866 3209 iamdudum
941 3144 1235 3229 antiquis
1312 3152 1475 3212 nota
1538 3144 1688 3210 fuit.
1780 3145 2131 3211 Habemus
2200 3146 2744 3232 Lycophronem,
2814 3142 2929 3229 qui

468 3249 665 3314 Alex.
722 3259 889 3318 1319
940 3273 1085 3316 eam
1136 3259 1617 3318 commemorat
1662 3274 1801 3317 uno
1848 3253 2079 3318 verbo.
2174 3252 2259 3316 In
2308 3251 2580 3317 scholiis
2639 3258 2704 3316 et
2752 3272 2927 3316 com-

469 3356 739 3442 pendiis
786 3355 1153 3423 iuvenitur.
1231 3358 1504 3424 Scholio
1539 3359 1719 3424 enim
1765 3359 1851 3424 ad
1884 3359 2080 3425 Alex.
2123 3368 2290 3426 1319
2328 3365 2660 3436 narratur,
2709 3357 2928 3444 picam

471 3464 811 3550 quandam
858 3487 1027 3531 voce
1059 3467 1355 3532 humana
1400 3468 1793 3553 loquentem
1825 3466 2244 3553 Argonautis
2292 3466 2472 3532 viam
2518 3465 2925 3543 ostendisse;

470 3572 842 3639 Pausanias
891 3583 1051 3651 8,12
1102 3584 1140 3642 2
1166 3577 1263 3661 (3)
1313 3596 1410 3660 sq.
1480 3581 1712 3640 narrat
1776 3573 2076 3641 fabulam
2124 3573 2287 3640 satis
2354 3574 2730 3651 obscuram,
2797 3594 2930 3658 qua

471 3680 620 3767 pica
653 3680 960 3767 querelas
1009 3681 1288 3747 infantis
1322 3682 1675 3749 cuiusdam
1716 3680 1976 3748 imitata
2008 3682 2373 3748 Herculem
2407 3680 2690 3757 allicuit;
2744 3679 2928 3745 deni-

473 3811 603 3874 que
659 3789 1066 3854 Plutarchus
1135 3789 1218 3853 de
1284 3790 1584 3855 sollertia
1649 3788 1916 3855 animal.
1967 3812 2031 3876 p.
2085 3799 2213 3857 973
2251 3788 2304 3854 G
2354 3787 2624 3875 copiose
2688 3793 2932 3853 tractat

469 3896 646 3962 hanc
691 3896 991 3984 picarum
1042 3903 1253 3962 artem
1302 3935 1386 3945 —
1444 3919 1667 3982 neque
1722 3897 1903 3962 ullus
1962 3895 2251 3982 scriptor
2304 3894 2720 3962 mentionem
2766 3895 2930 3960 fecit

467 4002 814 4068 Nicandri.

683 4110 1087 4176 Plutarchus
1134 4110 1177 4176 l.
1229 4132 1282 4176 c.
1334 4110 1632 4176 fabulam
1681 4133 1720 4176 a
1766 4133 1839 4176 se
1887 4110 2187 4176 auditam
2236 4132 2384 4176 esse
2429 4112 2725 4178 Romae
2773 4132 2927 4176 con-

469 4216 708 4282 tendit.
761 4218 849 4281 Et
889 4217 1072 4305 apud
1104 4218 1452 4284 Romanos
1486 4218 1714 4305 plures
1748 4217 2049 4304 picarum
2093 4217 2471 4283 mentiones
2518 4217 2925 4284 invenimus.

469 4324 733 4391 Plinius
780 4324 851 4390 in
900 4348 965 4390 n.
1016 4326 1080 4390 h.
1130 4325 1174 4390 l.
1207 4326 1281 4390 X
1337 4346 1497 4390 aves
1547 4324 1940 4390 describens
1987 4325 2292 4390 narravit
2338 4348 2391 4390 c.
2444 4334 2528 4393 42
2579 4325 2927 4391 cardueles

473 4432 723 4499 imitari
770 4432 1106 4517 mugitum
1139 4439 1487 4498 taurorum
1535 4438 1602 4496 et
1633 4454 1961 4518 equorum
1995 4432 2357 4510 hinnitum,
2409 4432 2727 4519 psittacos
2759 4454 2928 4498 voce

476 4540 773 4605 humana
817 4539 918 4604 uti
963 4538 1162 4604 facile
1210 4538 1488 4604 discere.
1585 4538 1732 4617 Qua
1780 4539 1864 4602 de
1920 4538 2078 4603 alite
2125 4545 2631 4604 commemorat:
2683 4538 2928 4626 „impe-

474 4654 727 4710 ratores
787 4647 1097 4711 salutat“.
1199 4645 1447 4712 Nonne
1503 4646 1670 4710 haec
1725 4645 2014 4711 elocutio
2070 4645 2144 4711 in
2199 4643 2590 4710 memoriam
2657 4654 2930 4711 revocat
