3534 5242
621 453 948 540 ὀχούμενος
998 453 1190 518 ῗππων
1245 455 1479 539 ἅρματι,
1531 454 1780 536 βάλλων
1835 458 2141 541 κεραυνοῖς
2189 503 2202 516 .
2245 503 2257 515 .
2298 503 2310 516 .
2375 454 2589 527 ἐδίωξε
2655 457 2911 543 Τυφῶνα
2970 504 2984 518 .
3023 505 3036 517 .
3076 504 3089 518 .

626 556 756 635 Qui
802 556 903 635 fit,
951 564 1029 622 ut
1073 556 1121 622 J
1126 558 1395 644 uppiter
1451 558 1675 625 subito
1722 558 1795 623 in
1851 560 2034 626 caelo
2083 559 2289 625 fuerit
2335 570 2403 625 et
2449 582 2727 626 currum
2774 560 3091 625 fulmina·

626 686 758 751 que
804 685 1034 731 secum
1081 661 1380 731 habeat?
1426 666 1763 752 Equidem
1811 687 2076 744 censeo,
2125 688 2280 732 cum
2326 666 2669 754 primum
2719 666 3089 754 Typhoeus

625 771 958 859 impetum
1004 773 1244 839 fecerit
1288 773 1360 839 in
1394 773 1784 861 Olympum,
1831 774 2079 840 Jovem
2127 796 2281 840 cum
2328 796 2532 840 curru
2579 782 2648 841 et
2683 774 3085 840 fulminibus

626 902 781 945 eum
829 901 977 945 esse
1024 901 1451 968 aggressum,
1501 883 1667 947 haec
1713 903 1879 946 vero
1925 881 2136 946 altera
2179 881 2487 959 fulmina,
2538 903 2709 967 quae
2758 881 2844 965 (si
2890 889 3086 947 acute

626 1010 770 1053 rem
816 987 1210 1074 perpendis)
1263 989 1499 1054 eadem
1548 995 1709 1053 sunt
1753 994 1957 1074 atque
1998 987 2243 1074 priora,
2290 988 2420 1054 hoc
2465 988 2614 1055 loco
2662 988 2746 1054 ab
2794 988 3090 1075 interpo-

628 1095 844 1161 latore
892 1117 1041 1161 esse
1089 1096 1373 1183 repetita
1419 1097 1505 1162 ad
1552 1103 1946 1162 contextum
1993 1097 2546 1163 construendum.
2612 1096 2853 1182 Neque
2901 1096 3094 1161 aliter

634 1225 741 1268 res
790 1224 862 1268 se
907 1203 1114 1268 habet
1159 1225 1313 1268 cum
1359 1203 1551 1288 Nysa
1596 1210 1665 1268 et
1695 1204 2048 1269 Haemone
2092 1203 2460 1282 montibuS,
2511 1226 2680 1289 quos
2722 1203 3093 1290 Apollodo-

630 1332 746 1376 rus
814 1311 857 1397 ἓ
917 1319 1000 1378 43
1065 1331 1163 1395 sq.
1239 1310 1815 1376 commemoravit:
1895 1332 2220 1376 excursus
2277 1311 2516 1377 finitur
2580 1310 2766 1377 hisce
2830 1310 3090 1377 verbis:

628 1422 866 1508 φεύγειν
921 1422 991 1486 δὲ
1045 1420 1362 1506 ὁρμηθέντι
1415 1421 1584 1507 αὐῷ
1644 1420 1761 1501 (sc.
1822 1421 2077 1507 Τυφῶνι)
2134 1422 2231 1486 διὰ
2287 1426 2393 1509 τῆς
2437 1421 2743 1509 Σικελικῆς
2786 1419 3099 1506 θαλάσσης

628 1530 787 1600 Ζεὺς
828 1529 1145 1615 ἐπέρριψεν
1190 1526 1370 1613 Αἴτην
1418 1566 1483 1593 .,.
1522 1576 1535 1588 .
1603 1520 1830 1602 Quid?
1880 1524 2119 1591 Subito
2164 1525 2458 1612 Typhon
2505 1526 2639 1591 iam
2686 1547 2824 1591 non
2874 1531 2978 1589 est
3020 1524 3093 1588 in

630 1632 918 1699 Thracia
950 1633 1071 1698 sed
1106 1627 1384 1698 Sicilia?
1430 1633 1614 1718 Ergo
1649 1646 1716 1696 et
1745 1633 2119 1699 Haemonis
2151 1632 2383 1698 fabula
2429 1655 2583 1699 cum
2632 1640 2855 1698 cetera
2885 1631 3095 1718 Apol-

639 1740 860 1808 lodori
905 1740 1067 1807 bibl.
1116 1740 1268 1805 laxe
1315 1741 1645 1805 cohaeret.

853 1848 1316 1933 Apollodorus
1350 1870 1514 1934 ergo
1547 1855 1616 1913 et
1645 1848 2040 1915 Antoninus
2074 1849 2361 1914 eandem
2394 1847 2849 1935 componendi
2881 1853 3096 1912 artem

634 1954 1113 2033 adhibuerunt,
1170 1955 1285 2021 ille
1334 1955 1632 2041 quinque
1691 1955 1803 2021 hic
1851 1956 2020 2021 duas
2076 1955 2342 2021 fabulas
2391 1954 2810 2042 compilavit:
2880 1952 3097 2020 Anto·

630 2063 836 2128 ninus
895 2084 1037 2127 non
1096 2071 1413 2149 excerpta
1457 2064 1519 2126 N
1522 2062 1841 2128 icandrea
1896 2064 2017 2129 sed
2066 2062 2451 2149 compendii
2497 2062 2824 2128 fabularis
2874 2061 3097 2148 capita

633 2170 966 2257 quaedam
1013 2169 1245 2235 edidit.

849 2386 1070 2452 Bethe
1116 2385 1452 2452 Antonini
1484 2393 1551 2451 et
1584 2385 1814 2452 Ovidii
1859 2386 2125 2452 fabulas
2174 2408 2376 2471 quam
2422 2384 2675 2472 optime
2720 2384 2899 2449 inter
2947 2405 3097 2449 sese

650 2494 1035 2560 consentire
1091 2493 1441 2559 contendit
1496 2493 1783 2579 singulis
1841 2494 2042 2559 rebus
2100 2493 2508 2559 enumeratis
2564 2492 2699 2557 his:
2772 2491 2975 2556 timor
3032 2498 3099 2556 et

632 2602 801 2687 fuga
847 2600 1206 2666 omnium
1255 2600 1534 2665 deorum
1583 2602 1981 2687 Aegyptum
2030 2622 2293 2678 versuS,
2351 2598 2730 2687 persecutio
2791 2598 3098 2676 monstri,

634 2708 1120 2774 conversiones
1185 2706 1610 2793 singulorum
1659 2708 1962 2785 deorum,
2020 2700 2317 2794 Dionysi
2371 2707 2444 2773 in
2503 2729 2782 2793 caprum
2837 2706 3100 2771 Dianae

633 2818 707 2883 in
780 2816 984 2882 felem
1053 2814 1375 2881 Mercurii
1437 2815 1508 2880 in
1573 2814 1769 2893 ibim;
1864 2815 2293 2881 Antoninum
2369 2813 2677 2880 omisisse
2739 2815 3097 2891 Iunonem,

646 2924 990 2991 Nasonem
1046 2923 1473 3011 praeteriisse
1528 2924 1816 2988 Martem
1871 2916 2237 2988 Herculem
2294 2922 2681 2989 Vulcanum
2737 2921 3098 2998 Latonam;

643 3038 711 3097 et
749 3031 932 3117 quod
963 3031 1356 3097 Antoninus
1389 3030 1779 3117 Apollinem
1811 3030 1883 3094 in
1917 3034 2126 3119 ἱέρακα
2163 3028 2450 3095 Ovidius
2495 3029 2567 3094 in
2616 3050 2898 3095 corvum
2944 3049 3098 3094 con-

638 3139 814 3204 verti
837 3146 1085 3216 narret,
1120 3140 1249 3205 hoc
1274 3138 1638 3204 discrimen
1663 3159 1826 3224 prae
1858 3137 2133 3223 reliquis
2166 3136 2611 3202 consensibus
2644 3135 2817 3200 nihil
2846 3135 3093 3202 valere.

854 3244 1352 3312 Gravissimum
1398 3267 1563 3311 vero
1613 3245 2020 3324 dissensum,
2089 3268 2288 3330 quem
2334 3245 2594 3310 Plaehn
2642 3266 2706 3330 p.
2758 3252 2841 3311 29
2892 3244 3098 3308 adno-

641 3351 831 3430 tavit,
880 3353 1098 3417 Bethe
1146 3353 1373 3420 omisit
1403 3392 1490 3401 —
1524 3352 1830 3418 mirabile
1865 3352 2052 3418 dictu
2082 3392 2170 3400 —
2206 3373 2762 3418 commemorare:
2813 3351 3098 3416 Ovidius

638 3461 816 3526 inter
865 3460 1028 3526 deos
1077 3483 1149 3526 se
1198 3467 1673 3527 convertentes
1732 3460 2027 3547 primum
2073 3460 2334 3547 profert
2379 3461 2649 3538 Iovem;
2705 3482 2769 3524 v.
2822 3468 2948 3527 327
3000 3480 3097 3543 sq.

780 3568 1094 3653 „duxque
1142 3569 1412 3654 gregis“
1466 3567 1637 3633 dixit
1689 3568 1813 3647 „fit
1857 3568 2193 3655 Iuppiter:
2243 3568 2428 3633 unde
2476 3567 2779 3634 recurvis

773 3698 959 3742 nunc
1007 3698 1274 3762 quoque
1322 3676 1652 3742 formatus
1700 3676 1914 3762 Libys
1963 3684 2068 3740 est
2113 3697 2267 3741 cum
2322 3674 2641 3741 cornibus
2689 3675 3050 3741 Ammon.“

640 3783 1036 3850 Antoninus
1086 3789 1151 3848 et
1198 3783 1383 3848 hunc
1430 3783 1632 3848 deum
1682 3790 1750 3847 et
1794 3783 1925 3848 hoc
1972 3803 2256 3847 acumen
2305 3780 2781 3868 aetiologicum
2832 3779 3099 3846 silentio

642 3890 1007 3979 praeteriit.
1086 3890 1269 3956 Num
1301 3890 1489 3956 Iovis
1524 3890 1880 3957 conversio
1917 3912 1996 3954 ea
2024 3897 2289 3954 tantum
2338 3890 2424 3954 de
2471 3911 2674 3954 causa
2721 3888 2808 3954 sit
2856 3887 3103 3954 omissa

644 4022 683 4064 a
728 3999 1253 4085 mythographO,
1302 4005 1378 4064 ut
1411 4020 1710 4064 conexus
1743 4020 1898 4064 cum
1928 3997 2113 4064 Iovis
2141 4020 2380 4084 >pugna
2427 4019 2506 4063 eo
2554 3997 2818 4062 facilior
2865 3996 3099 4061 redde·

644 4113 849 4184 retur,
901 4127 1224 4192 perquam
1259 4105 1515 4171 dubito.
1584 4106 1756 4170 Nam
1792 4105 2084 4191 primum
2130 4127 2265 4170 non
2319 4125 2596 4170 necesse
2644 4111 2747 4168 est
2779 4102 3100 4188 cogitatu,

643 4212 1006 4279 Ammonis
1062 4212 1360 4279 fabulam
1423 4215 1783 4279 cohaerere
1840 4234 1995 4279 cum
2053 4220 2430 4278 ceterorum
2478 4212 2760 4276 deorum
2823 4231 3100 4276 conver·

645 4321 977 4386 sionibus:
1037 4320 1190 4385 fieri
1245 4327 1489 4407 potest,
1547 4328 1624 4385 ut
1679 4321 1751 4385 in
1811 4320 2054 4386 litteris
2112 4318 2468 4385 uberrimis
2527 4319 2700 4384 duae
2756 4317 3104 4383 extiterint

642 4427 1055 4505 historiolae,
1113 4427 1343 4505 altera,
1403 4450 1535 4513 qua
1582 4427 1652 4492 di
1702 4426 2107 4514 Typhoeum
2153 4425 2496 4512 fugientes
2554 4446 2789 4490 omnes
2836 4430 3104 4512 praeter

645 4535 692 4601 J
695 4557 896 4600 ovem
950 4557 1022 4600 se
1080 4544 1585 4614 converterunt,
1642 4536 1873 4613 altera,
1935 4558 2066 4621 qua
2110 4534 2431 4621 Juppiter
2476 4535 2775 4600 Ammon
2820 4533 2927 4598 his
2988 4532 3104 4598 ad-

643 4642 948 4707 iunctam
998 4650 1118 4707 est.
1186 4642 1455 4708 Deinde
1502 4666 1665 4709 vero
1699 4643 2036 4709 Antonini
2082 4649 2438 4708 contextus
2488 4639 2738 4727 optime
2785 4641 3102 4720 concinit,
