3534 5242
1611 261 2053 319 -30—

606 468 794 534 dium
857 468 930 533 in
997 467 1203 555 picas,
1270 467 1526 533 nullius
1591 467 1920 533 momenti
1987 488 2167 546 0880;
2236 466 2407 533 nihil
2477 465 2769 551 denique
2837 464 3067 530 valere

601 574 963 660 utriusque
1011 574 1357 661 scriptoris
1410 574 1913 654 „omissiones“.

819 682 1057 768 Neque
1142 683 1272 749 hoc
1343 682 1711 769 neglegere
1790 681 2025 748 debuit
2107 682 2345 760 Bethe,
2427 681 2653 768 ipsum
2728 686 3069 746 certamen

608 811 946 875 nusquam
994 789 1154 855 alibi
1199 812 1422 876 neque
1468 788 1709 855 litteris
1771 811 1994 874 neque
2035 788 2292 855 artibus
2349 788 2653 854 exhiberi
2706 786 2840 853 nisi
2887 785 3069 873 apud

550 957 554 962 .
607 897 1039 965 Antoninum
1083 904 1147 962 et
1182 896 1532 963 Ovidium:
1583 919 1737 962 cum
1771 919 1933 983 ergo
1968 896 2303 964 Antonini
2333 896 2567 962 fabula
2598 895 2853 962 scholio
2885 893 3068 960 attri-

605 1006 852 1072 buatur
881 1003 1208 1071 Nicandri
1240 1009 1394 1094 ἑτερ.
1429 1003 1507 1084 δ’,
1555 1005 1758 1092 plane
1807 1010 1875 1069 et
1908 1002 2137 1070 Ovidii
2182 1003 2482 1070 fabulam
2531 1003 2616 1070 ad
2646 1002 3070 1069 Nicandrum

602 1112 969 1200 pertinere.

820 1219 983 1285 Sine
1032 1219 1239 1287 dubio
1287 1219 1724 1287 consentiunt
1776 1242 1874 1298 ea,
1926 1242 2099 1306 quae
2131 1220 2352 1285 Bethe
2399 1210 2744 1305 tamquam
2788 1238 3070 1284 consen-

605 1326 843 1392 tientia
890 1327 1331 1393 enumeravit.
1384 1327 1523 1393 Sed
1573 1327 1851 1393 nomina
1898 1334 2091 1393 erant
2136 1327 2305 1393 adeo
2350 1327 2530 1393 inter
2577 1347 2811 1392 omnes
2854 1323 3070 1390 divul-

609 1441 785 1522 gata,
846 1441 921 1501 ut
967 1434 1085 1501 vix
1120 1434 1288 1501 aliis
1339 1434 1625 1500 Ovidius
1684 1435 1785 1500 uti
1832 1442 2080 1522 posset.
2192 1435 2254 1500 N
2257 1456 2333 1501 ec
2377 1441 2606 1501 tamen
2655 1433 3070 1500 verbotenus

610 1548 714 1607 est
771 1548 1044 1608 secutus
1089 1542 1531 1621 Nicandrum,
1592 1542 1777 1628 quod
1833 1542 1943 1608 hic
2002 1563 2311 1610 sororum
2371 1542 2653 1630 patriam
2703 1539 3075 1628 appellaret

609 1634 1013 1727 Emathiam,
1079 1648 1192 1714 ille
1250 1671 1414 1715 vero
1467 1649 1738 1716 Pellaea
1795 1672 1976 1715 arva.
2088 1650 2389 1717 Unicum
2453 1654 2931 1737 argumentum
3000 1646 3073 1711 in

611 1778 744 1842 quo
788 1740 1159 1843 ⁴ambiguae
1217 1763 1378 1822 sunt
1432 1757 1838 1844 scriptorum
1893 1765 2202 1824 veterum
2261 1757 2656 1835 sententiae,
2712 1756 2783 1821 in
2841 1752 3073 1820 matris

611 1863 762 1929 dico
820 1863 1096 1929 nomine
1153 1864 1578 1951 appellando,
1640 1887 1774 1950 quo
1830 1882 2680 1953 cognoscere·possumu8‚
2750 1884 2916 1927 num
2986 1860 3073 1927 al-

610 1979 756 2036 tera
810 1970 1042 2036 fabula
1100 1992 1184 2035 ex
1251 1971 1460 2037 altera
1514 1971 1813 2050 fluxerit,
1887 1972 2311 2038 desideratur
2374 1971 2558 2059 apud
2622 1969 3071 2036 Antoninum.

611 2078 854 2143 Restat
909 2099 1073 2164 ergo
1129 2100 1308 2144 unus
1362 2078 1476 2143 ille
1536 2100 1932 2158 consensuS,
1992 2102 2125 2166 quo
2182 2078 2506 2147 conviciis
2563 2077 2756 2144 iactis
2811 2077 3075 2142 Pieriae

613 2192 1134 2264 commutantur,
1184 2208 1318 2272 quo
1352 2193 1709 2272 utramque
1740 2186 2042 2253 fabulam
2076 2209 2159 2252 ex
2190 2186 2533 2257 Nicandro
2564 2186 2756 2252 fonte
2788 2185 3076 2250 fluxisse

613 2300 872 2381 putant.
952 2293 1059 2358 De
1108 2293 1649 2381 discrepantibus
1710 2295 2101 2361 nominibus
2149 2315 2395 2361 novem
2445 2294 2799 2361 volucrum
2857 2291 3077 2356 Bethe

614 2407 682 2465 et
739 2407 938 2467 antea
979 2400 1240 2467 Plaehn
1298 2400 1482 2466 idem
1542 2409 1975 2481 censuerunt,
2024 2401 2346 2469 Ovidium
2395 2423 2518 2467 suo
2567 2399 2843 2467 arbitrio
2891 2398 3076 2485 picas

613 2514 878 2573 tantum
933 2508 1341 2586 nominasse,
1403 2515 1481 2573 ut
1526 2509 1850 2575 Nicandri
1907 2510 2202 2576 ieiunam
2259 2509 2444 2575 illam
2501 2507 3078 2575 enumerationem

615 2615 969 2682 nominum
1016 2616 1280 2682 vitaret.

832 2721 968 2787 Sed
1024 2724 1253 2790 nescio
1312 2746 1396 2789 an
1454 2747 1592 2790 non
1652 2725 1968 2791 subtilius
2029 2725 2415 2812 perspicere
2464 2723 2802 2811 possimus
2851 2721 3080 2789 Ovidii

622 2837 861 2895 artem:
922 2837 1207 2917 utraque
1255 2833 1720 2912 conversione,
1781 2840 1850 2899 et
1899 2833 2081 2921 apud
2128 2833 2547 2900 Nicandrum
2607 2841 2675 2898 et
2720 2831 2903 2919 apud
2951 2829 3079 2896 Na-

620 2959 877 3016 sonem,
926 2937 1312 3005 continetur
1358 2941 1537 3008 αἴτιον
1585 2941 1963 3027 quoddam3
2012 2941 2195 3028 apud
2240 2940 2431 3006 illum
2478 2940 2664 3007 unde
2712 2944 2809 3009 καὶ
2854 2940 2939 3007 ἔτι
2982 2945 3082 3007 νῦν

618 3050 852 3108 extent
903 3066 1152 3111 novem
1209 3046 1362 3112 illae
1418 3069 1579 3113 aves
1639 3047 2039 3127 declaratur,
2100 3048 2281 3135 apud
2338 3049 2522 3114 hunc
2578 3047 2890 3134 legimuS,
2959 3068 3080 3111 cur

624 3173 847 3230 „nunc
902 3161 1210 3238 quoque“
1271 3153 1460 3240 picae
1518 3154 1655 3219 sint
1699 3154 2237 3241 loquacissimae.
2332 3155 2753 3221 Nicandreae
2810 3153 3081 3219 fabulae

618 3258 780 3323 finis
850 3258 1289 3346 aetiologicus
1360 3261 1447 3326 ad
1507 3269 1799 3328 ceteram
1839 3256 2061 3347 ‘quam
2121 3262 2372 3350 optime
2433 3263 2741 3350 quadrat,
2811 3262 2932 3328 sed
2999 3284 3082 3326 ex

620 3365 987 3432 certamine
1052 3367 1136 3433 ab
1195 3367 1440 3434 Ovidio
1501 3369 1839 3456 descripto
1887 3392 2038 3436 mea
2084 3370 2358 3457 quidem
2415 3370 2751 3436 sententia
2806 3369 3083 3436 minime

621 3480 899 3559 apparet
945 3473 1201 3540 Pierias
1249 3474 1462 3542 fuisse
1494 3476 1841 3562 loquaces.
1921 3478 2035 3543 An
2085 3478 2388 3564 quisquis
2436 3477 2803 3544 certamine
2849 3476 3082 3543 carmi-

620 3602 782 3645 num
834 3579 1130 3647 vincitur
1174 3581 1425 3668 loquax
1472 3591 1576 3649 est
1622 3580 2031 3650 habendus?
2104 3585 2344 3671 Itaque
2392 3585 2766 3651 Ovidianae
2812 3583 3083 3650 fabulae

624 3687 932 3775 epilogus
979 3710 1119 3755 non
1166 3696 1304 3755 tam
1353 3697 1550 3777 aptus
1587 3698 1689 3756 est
1724 3691 1826 3763 ,ad
1856 3698 2070 3759 totam
2117 3692 2500 3758 certaminis
2533 3692 2833 3758 fabulam
2882 3715 3084 3779 quam

624 3795 709 3861 ad
757 3794 995 3861 ultima
1039 3802 1305 3862 tantum
1352 3797 1564 3863 verba
1610 3797 1749 3876 illa,
1800 3799 2045 3886 quibus
2079 3798 2473 3864 Emathides
2507 3800 2738 3864 Musas
2788 3807 3083 3865 contem-

528 3926 533 3931 ·
625 3901 841 3989 psisse
889 3909 956 3967 et
1003 3902 1231 3968 risisse
1280 3911 1555 3971 conatas
1600 3904 1790 3990 loqui
1837 3912 1903 3970 et
1949 3927 2198 3991 magno
2246 3906 2537 3981 clamore
2584 3914 2937 3993 protervas
2983 3906 3083 3972 in-

624 4016 887 4075 tentare
941 4031 1183 4076 manus
1248 4012 1338 4095 (v.
1402 4013 1559 4098 670)
1625 4018 1956 4077 narratur.
2071 4013 2161 4078 Et
2216 4013 2365 4101 pica
2428 4021 2532 4079 est
2594 4036 2733 4080 una
2797 4013 2934 4080 ales
3001 4037 3084 4079 ex

625 4138 874 4182 novem
920 4116 1054 4182 illis
1102 4115 1185 4183 ab
1233 4118 1587 4185 Antonino
1636 4119 2066 4185 enumeratis.
2161 4121 2336 4186 Inde
2394 4119 2561 4187 mihi
2606 4120 2882 4187 videtur
2929 4143 3084 4188 con-

626 4223 852 4290 versio
900 4223 984 4289 ab
1017 4224 1368 4292 Antonino
1403 4225 1669 4292 reddita
1710 4248 1860 4292 esse
1892 4226 2245 4307 vetustior,
2326 4226 2553 4294 Ovidii
2587 4250 2752 4295 vero
2786 4227 3083 4295 narratio

628 4352 711 4396 ex
757 4330 873 4396 illa
919 4330 1357 4411 conformata,
1413 4332 1559 4400 sive
1607 4355 1647 4399 a
1691 4340 1893 4420 poeta
1939 4334 2088 4421 ipso
2136 4335 2518 4421 excogitata
2564 4334 2709 4402 sive
2758 4336 2941 4423 quod
2988 4336 3083 4424 pi·
3181 4360 3187 4366 ·

628 4459 774 4504 cam
821 4438 1164 4525 garrulam
1211 4460 1361 4505 esse
1406 4439 1805 4507 adnotatum
1842 4441 2120 4528 legerat.

519 4540 528 4546 ’
840 4547 929 4611 Et
998 4553 1266 4633 praeter
1340 4547 1802 4634 garrulitatem
1884 4571 2153 4634 quoque
2229 4550 2528 4636 picarum
2607 4559 3088 4618 commemorat

630 4659 832 4740 poeta
878 4653 1267 4720 facundiam
1317 4653 1616 4734 alteram,
1674 4677 1846 4742 quae
1893 4655 2062 4721 nihil
2109 4656 2404 4742 pertinet
2449 4657 2534 4722 ad
2583 4664 2921 4724 certamen
2969 4659 3085 4724 Ni·
