3534 5242
1463 243 1908 300 -35—

459 454 651 536 gunt.
748 447 925 512 Sunt
994 454 1216 513 autem
1269 471 1353 512 ex
1410 447 1735 514 Nicandri
1792 452 1946 537 ἑτερ.
1994 446 2052 516 δ’
2108 447 2193 513 ab
2241 445 2594 514 Antonino
2641 448 2923 513 haustae

457 554 727 621 fabulae
774 555 1011 621 haece:

547 685 602 728 c.
698 672 757 730 8.
808 661 1044 728 Lamia
1088 663 1200 727 vel
1249 652 1549 749 Sybaris.
1840 684 1895 728 c.
1954 671 2058 729 25.
2109 661 2447 729 Metioche
2480 668 2548 726 et
2579 661 2918 749 Menippe.

697 778 756 836 9.
807 768 1223 834 Emathides.
1668 817 1674 823 -
1949 778 2054 836 27.
2103 767 2482 856 Iphigenia.

660 885 760 943 10.
810 875 1192 962 Minyades
1954 884 2059 942 28.
2113 874 2425 961 Typhon.

593 987 598 994 “
655 991 760 1050 24.
812 982 1209 1049 Ascalabus.
1688 994 1695 999 “
1952 992 2057 1050 29.
2109 980 2509 1047 Galinthias.

669 1090 755 1155 In
821 1090 1139 1178 ambiguo
1211 1098 1523 1156 versatur
1581 1091 1807 1177 Hylae
1875 1089 2107 1156 fabula
2156 1091 2236 1172 (c.
2287 1094 2419 1175 26),
2480 1112 2650 1175 quae
2720 1090 2922 1156 modo

465 1205 703 1284 quarto
761 1198 963 1264 modo
1024 1197 1216 1264 alteri
1261 1200 1715 1288 ἑτεροιουμένων
1769 1197 1944 1263 libro
1999 1196 2069 1261 in
2118 1196 2464 1262 codicibus
2514 1197 2920 1263 attribuitur.

674 1304 1047 1371 Schneider
1105 1304 1513 1390 (Nicandrea
1560 1327 1623 1392 p.
1675 1307 1788 1390 43)
1850 1307 2305 1394 ἑτεροιουμένων
2366 1303 2924 1391 compositionem

461 1412 676 1478 fuisse
723 1411 1160 1478 artificiosam
1208 1410 1477 1476 disertis
1524 1412 1753 1478 verbis
1802 1411 2085 1498 negavit
2125 1393 2193 1476 et
2223 1411 2757 1490 Volkmannum,
2808 1411 2923 1498 qui

451 1521 534 1588 in
584 1520 871 1608 singulis
904 1519 1232 1585 Nicandri
1264 1518 1455 1584 libris
1491 1518 1982 1606 geographicas
2016 1518 2401 1584 fabularum
2448 1518 2924 1605 congestiones

461 1629 721 1718 aperire
779 1626 1062 1705 studuit,
1122 1625 1366 1692 acriter
1422 1625 1855 1713 vituperavit.
1952 1625 2098 1691 Sibi
2145 1626 2325 1691 enim
2373 1626 2710 1713 persuasit
2754 1625 2927 1692 nihil

459 1737 792 1803 interesse
838 1734 1016 1799 inter
1046 1732 1467 1799 Nicandrum
1517 1739 1586 1799 et
1629 1732 2059 1798 Antoninum
2094 1733 2494 1799 Liberalem.
2568 1732 2926 1800 Prooemia

463 1844 644 1910 enim
693 1841 1117 1928 singularum
1163 1840 1549 1907 fabularum
1592 1840 1744 1928 plus
1794 1841 2110 1908 minusve
2157 1848 2523 1907 extenuata
2554 1842 2616 1906 ei
2649 1842 2923 1907 demon-

463 1958 678 2017 strare
767 1948 1200 2026 videbantur,
1293 1970 1842 2035 unamquamque
1929 1948 2225 2014 fabulam
2308 1948 2520 2014 fuisse
2597 1948 2925 2036 epyllium

464 2056 802 2143 quoddam
866 2055 1385 2124 circumclusum
1432 2079 1560 2123 nec
1609 2079 1763 2123 cum
1812 2056 2053 2122 ceteris
2102 2057 2558 2124 coniunctum.
2653 2055 2924 2121 Deinde

458 2163 843 2230 fabularum
917 2164 1221 2252 epilogos
1288 2163 1656 2251 respiciens
1725 2170 2007 2230 conatus
2076 2170 2179 2229 est
2242 2162 2569 2229 Nicandri
2637 2169 2705 2226 et
2758 2161 2927 2227 Boei

453 2270 721 2338 fabulas
754 2294 916 2358 prae
949 2271 1189 2337 ceteris
1222 2271 1658 2338 adumbrare:
1699 2271 2073 2351 „Videmus
2101 2271 2186 2336 de
2219 2271 2405 2337 cultu
2428 2270 2710 2337 deorum
2735 2271 2926 2337 hero-

457 2403 713 2466 umque
747 2386 813 2445 et
844 2379 1038 2446 festis
1079 2379 1318 2447 diebus
1368 2380 1699 2467 quaedam
1729 2380 1994 2446 narrari
2027 2402 2181 2445 cum
2212 2377 2927 2445 transformationibus

454 2487 844 2567 coniuncta,
895 2488 1116 2574 qualia
1164 2511 1318 2554 cum
1364 2488 1436 2554 in
1485 2487 1761 2574 reliquis
1811 2488 1992 2575 apud
2024 2486 2453 2578 Antoninum
2489 2486 2740 2553 fabulis
2787 2509 2925 2554 non

462 2595 800 2682 legantur,
846 2594 994 2661 iure
1037 2595 1383 2662 affirmare
1430 2594 1626 2663 vobis
1672 2595 1988 2661 videmur
2033 2596 2163 2661 hoc
2208 2618 2348 2662 non
2395 2591 2621 2660 minus
2670 2594 2926 2681 propri-

457 2726 575 2769 um
621 2703 950 2770 Nicandri
1011 2703 1262 2770 fabulis
1319 2704 1533 2769 fuisse
1582 2725 1783 2790 quam
1828 2703 2000 2769 Boei
2058 2702 2308 2768 fabulis
2367 2701 2923 2789 ornithogoniciS,

465 2831 631 2897 quas
680 2817 751 2876 et
792 2810 976 2897 ipsas
1024 2811 1418 2876 Antoninus
1467 2809 1824 2897 excerpsit,
1872 2810 2224 2897 proprium
2268 2809 2421 2900 hoc·
2446 2809 2579 2875 fuit
2625 2832 2925 2887 monere,

460 2941 544 2984 ex
590 2918 979 2985 hominibus
1027 2940 1396 2985 conversae
1442 2940 1604 2985 aves
1654 2940 1826 3005 quae
1873 2919 2029 2986 αἴσια
2075 2917 2351 2996 fuerint,
2413 2939 2584 3003 quae
2630 2940 2770 2984 non
2820 2916 2922 2982 fu-

457 3026 652 3093 erint.
749 3015 956 3092 Unde
1024 3032 1098 3090 ut
1161 3026 1350 3092 Boeo
1414 3025 1842 3092 vindicamus
1912 3025 2047 3091 fab.
2106 3025 2230 3103 VI,
2289 3046 2492 3110 quam
2555 3047 2697 3089 non
2764 3023 2929 3090 dicit

462 3132 856 3202 Antoninus
890 3156 976 3199 ex
1010 3156 1142 3220 quo
1177 3133 1465 3222 petierit,
1509 3133 1604 3200 ita
1634 3132 1977 3201 Nicandro
2010 3132 2439 3199 confidenter
2478 3131 2925 3197 adscribimus

461 3240 671 3307 fabul.
733 3242 886 3318 XL,
946 3240 1153 3315 cuius
1192 3241 1357 3308 item
1413 3248 1757 3308 auctorem
1814 3240 2208 3306 Antoninus
2269 3240 2460 3317 celat,
2529 3238 2927 3325 praesertim

464 3370 618 3415 cum
664 3348 781 3414 illa
824 3348 1054 3415 fabula
1099 3371 1239 3416 non
1285 3355 1425 3415 tam
1472 3353 1936 3438 μεταμόρφωστν
1992 3371 2194 3433 quam
2251 3352 2578 3436 ἀφανισμὸν
2635 3345 2927 3432 aliquem

466 3454 829 3533 contineat,
879 3456 1094 3541 qualis
1140 3456 1211 3521 in
1244 3455 1568 3521 Nicandri
1618 3459 2071 3546 ἑτεροιουμένοις
2112 3455 2196 3521 ab
2239 3453 2591 3520 Antonino
2640 3451 2924 3519 servatis

464 3562 733 3650 saepius
806 3585 1005 3649 quam
1075 3563 1147 3627 in
1219 3562 1633 3650 reliquorum
1705 3568 2056 3629 auctorum
2126 3562 2441 3628 videmus
2512 3560 2925 3626 mentionem

467 3669 715 3736 factam
762 3669 906 3736 sive
954 3692 1076 3757 per
1121 3691 1194 3735 se
1241 3669 1445 3758 positi
1493 3670 1638 3736 sive
1697 3692 1852 3735 cum
1898 3669 2428 3757 metamorphosi
2476 3669 2767 3754 quadam
2815 3666 2928 3731 vel

466 3800 621 3844 cum
670 3777 893 3863 aliquo
942 3777 1072 3843 alio
1120 3778 1406 3844 artificio
1456 3777 1861 3844 coniuncti.“
1932 3778 2302 3863 Postquam
2334 3797 2498 3842 vero
2532 3775 2751 3839 Bethe
2797 3794 2925 3839 nos

465 3884 695 3952 docuit
762 3883 1322 3970 distinguendum
1401 3906 1549 3950 esse
1613 3885 1793 3950 inter
1857 3883 2274 3950 Nicandrum
2342 3890 2409 3948 et
2475 3880 2923 3959 Antoninum,

459 3999 819 4080 postquam
867 3991 1014 4079 ipse
1073 3993 1449 4079 separanda
1493 3993 1849 4079 utriusque
1896 3992 2168 4079 propria
2223 3991 2394 4067 iniit,
2453 3997 2810 4077 postquam
2859 3995 2927 4053 et

459 4123 588 4187 ego
655 4102 785 4167 hoc
847 4099 1091 4165 itinere
1156 4099 1501 4186 profectus
1572 4101 1904 4167 nonnulla
1959 4099 2385 4165 distribuisse
2446 4097 2610 4163 mihi
2667 4096 2924 4165 videor,

461 4206 862 4273 Schneideri
912 4206 1436 4273 fundamentum
1484 4206 1595 4273 est‘
1634 4229 1969 4274 eversum.

675 4313 877 4380 Nunc
937 4314 1208 4379 demum
1275 4313 1693 4400 singularum
1761 4314 2147 4380 fabularum
2203 4312 2737 4379 Nicandrearum
2802 4333 2924 4375 nu-

460 4422 648 4488 cleos
695 4421 874 4487 inter
936 4443 1085 4487 sese
1142 4443 1532 4508 comparare
1589 4443 1971 4510 possumus
2064 4421 2198 4486 Hic
2253 4419 2434 4485 enim
2489 4419 2772 4483 nucleus
2824 4424 2928 4483 est

458 4527 528 4594 in
584 4528 748 4594 Ant.
783 4529 933 4595 Lib.
984 4553 1039 4596 c.
1076 4539 1115 4597 8
1165 4529 1356 4615 origo
1391 4528 1670 4615 Sybaris
1704 4528 1936 4606 fontis,
1985 4528 2056 4593 in
2096 4535 2423 4614 sequente
2455 4526 2687 4592 fabula
2733 4524 2924 4611 origo

461 4635 975 4722 Hippucrenae:
1047 4638 1227 4723 Ergo
1284 4634 1555 4701 fabulae
1611 4646 1650 4704 8
1699 4642 1767 4701 et
1815 4645 1853 4704 9
1914 4634 2246 4722 imagines
2303 4632 2472 4699 sunt
2529 4633 2707 4698 inter
2777 4654 2925 4697 sese

2531 4740 2598 4794 3*
