3534 5242
1633 279 2038 337 ...6.-

599 485 790 552 cibus
822 487 872 554 J
875 509 1073 553 ovem
1106 486 1369 552 misisse
1416 491 1646 579 αὐχμὸν
1679 491 1777 553 καὶ
1817 490 1993 571 λςαόν.
2044 489 2197 577 ταχὺ
2243 489 2314 554 δὲ
2355 490 2487 574 περὶ
2529 489 2635 576 τὴν
2662 483 2910 575 Ἀττικὴν
2955 489 3071 551 καὶ

599 599 725 685 τὴν
766 593 1063 662 Ἑλλάδα
1111 597 1439 680 γενομένων
1483 598 1752 685 αὐχμῶν,
1811 598 1909 660 καὶ
1964 596 2326 682 φθαρέντων
2383 602 2502 661 τῶν
2559 590 2823 682 καρπῶν,
2871 596 3069 659 ουνελ·

526 742 528 744 ν
596 704 810 775 δόντες
851 707 906 768 οἱ
952 710 1070 768 τῶν
1109 706 1340 769 πόλεων
1384 705 1668 792 ἡγεμόνες
1710 704 2108 791 ἐπηρώτησαν
2155 705 2253 768 τὸν
2300 704 2463 779 θεόν,
2514 709 2644 775 πῶς·
2685 702 2760 767 ἂν
2802 703 3070 767 δύναιντο

599 817 717 876 τῶν
762 817 965 877 κακῶν
1011 812 1434 899 ἀπαλλαγῆναι.
1496 815 1529 875 ὁ
1575 807 1632 876 δ’
1659 809 1913 899 ἔχρησεν
1967 810 2208 875 ἐλθεῖν
2252 812 2521 882 αὐτοὺς
2564 812 2742 897 πρὸς·
2792 808 3070 875 Αἰακὸν

598 921 697 984 τὸν
755 921 893 990 Διὸς
935 921 1034 984 καὶ
1080 918 1320 1005 Αἰγίνης
1363 925 1469 1007 τῆς
1515 915 1788 984 Ἀσωποῦ
1845 920 2148 1003 θυγατρὸς·
2198 920 2297 983 καὶ
2351 920 2607 983 κελεύειν
2661 918 2812 1003 ὑπὲρ
2865 918 3066 982 αὐτῶν

597 1028 786 1115 εὐχὰς·
830 1026 1201 1114 ποιήσασθαι.
1253 1027 1339 1090 ὧν
1386 1025 1740 1112 πραξάντων
1784 1028 1850 1090 τὸ
1897 1026 2297 1114 προσταχθέν,
2343 1029 2378 1089 ὖ
2417 1027 2549 1112 μὲν
2598 1028 2645 1090 A
2657 1026 2677 1088 ἷ
2687 1027 2867 1094 ακὸς
2909 1025 3067 1089 ἐπε-

599 1134 849 1199 τέλεσε
898 1136 1020 1204 τὰς
1067 1135 1321 1223 εὐχάς,
1369 1135 1487 1198 καὶ
1517 1137 1551 1197 ὁ
1582 1135 1862 1222 αὐχμὸς
1891 1134 2085 1219 παρὰ
2120 1134 2256 1218 μὲν
2290 1138 2445 1204 τοῖς·
2472 1133 2726 1203 ἄλλοις
2748 1127 3070 1219 Ἕλλησιν

597 1241 999 1316 ἐπαύσατο,
1049 1243 1213 1328 παρὰ
1270 1243 1340 1306 δὲ
1389 1245 1507 1311 τοῖς
1546 1238 1870 1328 Ἀθηναίοις
1916 1241 2123 1325 μόνοις·
2177 1240 2467 1324 διέμεινεν.
2564 1236 2736 1302 Tum
2794 1237 3068 1302 demum

597 1344 1056 1410 Athenienses
1106 1345 1232 1411 sub
1282 1351 1685 1431 potestatem
1733 1343 1983 1410 Minois
2034 1365 2106 1409 se
2156 1343 2445 1409 dedisse.

810 1454 1272 1540 Apollodorus
1303 1453 1413 1517 III
1444 1463 1571 1520 212
1609 1454 1693 1518 ad
1742 1455 1902 1540 λαιόν
1949 1479 2012 1518 τε
2058 1456 2156 1519 καὶ
2201 1456 2397 1540 λοιμόν
2445 1451 2895 1517 auferendum
2927 1473 3066 1516 non

595 1560 1008 1646 legationem
1041 1562 1128 1626 ad
1149 1561 1454 1626 Aeacum
1479 1560 1754 1625 missam
1783 1559 1902 1624 sed
1930 1558 2340 1625 sacrificium
2376 1566 2694 1645 quattuor
2717 1557 3066 1643 virginum

596 1667 803 1733 affert
819 1670 891 1755 1).
1012 1670 1433 1754 Quamquam
1504 1690 1667 1753 ergo
1725 1666 2072 1732 Diodorus
2143 1689 2365 1752 neque
2431 1689 2583 1732 cum
2642 1665 3064 1753 Apollodoro

596 1787 821 1861 neque
869 1798 1023 1842 cum
1059 1776 1302 1842 Ovidio
1351 1775 1707 1852 consentit,
1756 1782 1984 1839 tamen
2026 1795 2259 1839 ansam
2292 1773 2617 1860 praebere
2659 1773 2932 1839 videtur
2979 1773 3065 1837 ad

596 1882 1112 1970 Myrmidonum
1181 1882 1482 1948 fabulam
1554 1882 1959 1948 Ovidianam
2037 1881 2440 1968 compendio
2522 1880 3062 1958 adscribendam,

598 1990 916 2078 quoniam
995 1991 1369 2056 secundum
1451 1989 1851 2055 Schwartzii
1933 1988 2452 2075 explicationem
2531 1988 2783 2067 fabula,
2864 2011 3061 2073 quam

600 2098 948 2165 Diodorus
999 2098 1297 2185 praebet,
1349 2098 1768 2185 compendiis
1818 2104 2231 2163 commutata
2277 2118 2425 2162 esse
2473 2104 2716 2183 potest.

810 2207 1060 2273 Utrum
1096 2207 1378 2293 Cephali
1409 2208 1588 2271 intra
1618 2207 1802 2271 hunc
1836 2227 2170 2271 conexum
2214 2204 2285 2268 in
2321 2203 2549 2269 Ovidii
2580 2203 2772 2268 fonte
2806 2203 3062 2269 mentio

598 2315 780 2380 facta
826 2315 913 2380 sit
961 2339 1048 2381 an
1094 2337 1256 2393 non,
1307 2314 1662 2379 diiudicari
1707 2336 1850 2379 non
1898 2318 2140 2399 potest.
2222 2311 2404 2376 Fieri
2452 2318 2695 2398 potest,
2745 2318 2821 2375 ut
2862 2319 3063 2398 poeta

594 2421 740 2508 ipse
800 2423 977 2488 hanc
1032 2423 1331 2489 fabulam
1392 2445 1474 2486 ex
1533 2421 1662 2486 alio
1724 2421 2018 2506 quodam
2076 2442 2339 2485 conexu
2399 2419 2533 2485 huc
2581 2420 2918 2485 addiderit
2976 2420 3062 2485 ad

599 2529 1047 2595 calamitatem
1121 2528 1512 2594 Thebanam
1593 2526 2183 2615 pestilentiamque
2258 2526 2637 2612 Aegineam
2718 2549 3062 2614 opponen-

602 2636 777 2701 dam.
875 2636 949 2701 Si
999 2643 1196 2723 poeta
1245 2660 1327 2701 ex
1375 2635 1779 2722 compendio
1828 2634 2288 2720 Apollodoreo
2345 2634 2484 2716 (III
2537 2643 2659 2701 197
2712 2638 2838 2720 sq.)
2885 2635 3061 2699 hanc

597 2743 898 2810 fabulam
949 2745 1194 2822 hausit,
1247 2744 1720 2809 difficultatem
1772 2742 2100 2830 praebent
2132 2742 2368 2807 verba:
2420 2745 2743 2810 ἀποκτείνει
2783 2746 3058 2832 Πρόκριν.

592 2857 710 2919 καὶ
779 2854 1059 2941 κριθεὶς·
1123 2856 1195 2919 ἐν
1260 2852 1519 2941 Ἀρείῳ
1586 2858 1790 2941 πάγῳ
1867 2855 2100 2941 φυγὴν
2168 2854 2403 2918 ἀίδιον
2472 2854 3058 2928 καταδικάζεται.

595 2959 775 3024 Exul
822 2960 1002 3025 enim
1050 2960 1460 3046 legationem
1509 2960 1854 3046 suscipere
1900 2981 2040 3024 non
2088 2958 2327 3045 potuit.

808 3067 1100 3132 Kienzle
1163 3067 1514 3134 contendit
1573 3075 1838 3153 poetam
1885 3065 2229 3131 Procridis
2285 3065 2518 3131 fabula
2573 3071 2857 3130 tractata
2913 3066 3059 3130 red-

591 3172 726 3238 isse
803 3175 889 3239 ad
968 3174 1229 3240 fontem
1306 3174 1883 3260 mythographum
1962 3172 2031 3236 in
2106 3172 2374 3259 Scyllae
2451 3172 2600 3237 Nisi
2669 3172 2852 3237 filiae
2909 3196 3057 3259 pro-

595 3280 851 3346 ditione
897 3283 1266 3347 tractanda.
1343 3281 1528 3361 Quae
1575 3304 1738 3347 vero
1791 3280 2038 3346 deinde
2087 3280 2171 3344 de
2203 3280 2611 3358 Minotauro,
2644 3279 3057 3366 labyrinthO,

595 3387 680 3452 de
713 3387 967 3454 tributo
1001 3388 1539 3454 Atheniensibus
1585 3387 1905 3474 imposito
1938 3394 2139 3473 poeta
2187 3386 2489 3465 referret,
2539 3387 2633 3451 ita
2675 3395 3059 3474 comparata

595 3517 765 3574 esse,
814 3503 891 3561 ut
922 3496 1116 3561 tritas
1152 3519 1259 3561 res
1303 3519 1458 3561 eum
1492 3497 1797 3583 proferre
1830 3503 2137 3583 apertum
2184 3494 2288 3559 sit.
2337 3495 2660 3559 Attamen
2694 3496 3057 3582 protulisse

593 3625 726 3681 eaS,
776 3611 853 3668 ut
900 3626 978 3668 ea
1027 3604 1328 3682 afferret,
1379 3627 1549 3689 quae
1598 3626 1752 3669 cum
1801 3603 2100 3668 Minoem
2148 3601 2640 3667 introduxisset
2697 3603 3055 3681 omisisset,

591 3734 812 3797 neque
847 3712 1040 3777 aliter
1065 3734 1219 3776 eum
1252 3711 1517 3776 fabulas
1550 3711 1728 3776 inter
1761 3732 1833 3776 se
1867 3709 2300 3776 coniunxisse
2325 3716 2527 3795 atque
2560 3710 3054 3796 Apollodorum

590 3818 722 3903 (ΙΙΙ
775 3822 1177 3903 213—215).

808 3927 948 3991 Res
995 3949 1135 3992 non
1181 3933 1320 3991 tam
1370 3926 1705 3991 dilucidae
1754 3933 1916 3991 sunt
1964 3948 2164 4011 quam
2212 3926 2544 3992 Kienzleo
2592 3927 2933 3993 videntur.

807 4033 1078 4118 Effugit
1121 4034 1300 4099 enim
1351 4057 1526 4112 eum,
1577 4041 1866 4120 poetam,
1917 4042 2275 4120 postquam
2308 4033 2484 4098 VIII
2518 4044 2559 4102 4
2593 4055 2643 4099 S.
2683 4036 3054 4122 Cephalum

592 4163 744 4206 cum
794 4141 1059 4205 auxiliis
1107 4142 1415 4206 Athenas
1465 4142 1827 4206 revertisse
1874 4141 2195 4219 narravit,
2244 4141 2442 4206 filum
2492 4142 2815 4208 amisisse.
2879 4144 3054 4209 Nam

590 4248 673 4312 de
730 4247 906 4312 bello
972 4248 1143 4312 nihil
1213 4250 1345 4314 iam
1412 4249 1690 4335 profert,
1758 4249 1892 4313 nisi
1956 4272 2023 4314 v.
2088 4259 2214 4316 170
2279 4256 2547 4336 poetam
2614 4249 2775 4314 belli
2840 4251 3053 4316 finem

588 4354 908 4441 pacisque
957 4356 1390 4423 condiciones
1448 4356 1784 4443 respicere
1841 4357 2008 4423 velis
2059 4359 2353 4424 credere.
2452 4357 2573 4422 Sin
2620 4380 2784 4424 vero
2832 4367 3052 4446 poeta,

800 4606 846 4675 l)
884 4606 1064 4661 Aeaci
1100 4624 1301 4678 preces
1340 4625 1443 4678 pro
1483 4608 1724 4663 Graecia
1771 4608 1956 4663 factas
1994 4608 2387 4680 Apollodorus
2428 4611 2737 4664 coniunxit
2774 4629 2906 4665 cum
2944 4611 3052 4666 Pe-

587 4697 739 4768 lopis
778 4696 1131 4755 facinoribus
1170 4698 1286 4771 (111
1325 4700 1468 4771 159).
