<?xml version="1.0" encoding="UTF-8"?>
<!DOCTYPE html PUBLIC "-//W3C//DTD XHTML 1.0 Transitional//EN"
    "http://www.w3.org/TR/xhtml1/DTD/xhtml1-transitional.dtd">
<html xmlns="http://www.w3.org/1999/xhtml" xml:lang="en" lang="en">
 <head>
  <title>
</title>
<meta http-equiv="Content-Type" content="text/html;charset=utf-8" />
  <meta name='ocr-system' content='tesseract 3.04.00' />
  <meta name='ocr-capabilities' content='ocr_page ocr_carea ocr_par ocr_line ocrx_word'/>
</head>
<body>
  <div class='ocr_page' id='page_1' title='image "./studiaovidianad00laudgoog_0041.png"; bbox 0 0 3534 5242; ppageno 0'>
   <div class='ocr_carea' id='block_1_1' title="bbox 1407 266 1854 325">
    <p class='ocr_par' dir='ltr' id='par_1_1' title="bbox 1407 266 1854 325">
     <span class='ocr_line' id='line_1_1' title="bbox 1407 266 1854 325; baseline -0.002 -19"><span class='ocrx_word' id='word_1_1' title='bbox 1407 266 1854 325; x_wconf 68' lang='lat'><strong>-33-</strong></span> 
     </span>
    </p>
   </div>
   <div class='ocr_carea' id='block_1_2' title="bbox 401 467 2862 775">
    <p class='ocr_par' dir='ltr' id='par_1_2' title="bbox 401 467 2862 775">
     <span class='ocr_line' id='line_1_2' title="bbox 401 467 2859 564; baseline -0.004 -20"><span class='ocrx_word' id='word_1_2' title='bbox 401 477 743 564; x_wconf 80' lang='lat' dir='ltr'><strong>vulgares,</strong></span> <span class='ocrx_word' id='word_1_3' title='bbox 814 473 1059 540; x_wconf 91' lang='lat' dir='ltr'><strong>vitavit</strong></span> <span class='ocrx_word' id='word_1_4' title='bbox 1127 472 1469 539; x_wconf 89' lang='lat' dir='ltr'><strong>obscuras.</strong></span> <span class='ocrx_word' id='word_1_5' title='bbox 1583 470 1757 537; x_wconf 82' lang='lat' dir='ltr'><strong>Cum</strong></span> <span class='ocrx_word' id='word_1_6' title='bbox 1820 490 1985 537; x_wconf 93' lang='lat' dir='ltr'><strong>vero</strong></span> <span class='ocrx_word' id='word_1_7' title='bbox 2055 470 2185 536; x_wconf 91' lang='lat' dir='ltr'><strong>hoc</strong></span> <span class='ocrx_word' id='word_1_8' title='bbox 2252 493 2395 538; x_wconf 95' lang='lat' dir='ltr'><strong>non</strong></span> <span class='ocrx_word' id='word_1_9' title='bbox 2463 468 2674 535; x_wconf 93' lang='lat' dir='ltr'><strong>semel</strong></span> <span class='ocrx_word' id='word_1_10' title='bbox 2738 467 2859 533; x_wconf 91' lang='lat' dir='ltr'><strong>sed</strong></span> 
     </span>
     <span class='ocr_line' id='line_1_3' title="bbox 405 577 2862 671; baseline -0.004 -21"><span class='ocrx_word' id='word_1_11' title='bbox 405 606 673 671; x_wconf 89' lang='lat' dir='ltr'><strong>semper</strong></span> <span class='ocrx_word' id='word_1_12' title='bbox 725 582 870 648; x_wconf 79' lang='lat' dir='ltr'><strong>fere</strong></span> <span class='ocrx_word' id='word_1_13' title='bbox 923 580 1107 658; x_wconf 80' lang='lat' dir='ltr'><strong>fecit,</strong></span> <span class='ocrx_word' id='word_1_14' title='bbox 1174 602 1212 645; x_wconf 91' lang='lat' dir='ltr'><strong>e</strong></span> <span class='ocrx_word' id='word_1_15' title='bbox 1268 577 1671 666; x_wconf 92' lang='lat' dir='ltr'><strong>compendio</strong></span> <span class='ocrx_word' id='word_1_16' title='bbox 1730 577 2024 664; x_wconf 90' lang='lat' dir='ltr'><strong>quodam</strong></span> <span class='ocrx_word' id='word_1_17' title='bbox 2081 599 2234 643; x_wconf 91' lang='lat' dir='ltr'><strong>eum</strong></span> <span class='ocrx_word' id='word_1_18' title='bbox 2295 577 2603 644; x_wconf 81' lang='lat' dir='ltr'><strong>hausisse</strong></span> <span class='ocrx_word' id='word_1_19' title='bbox 2659 598 2862 662; x_wconf 88' lang='lat' dir='ltr'><strong>quam</strong></span> 
     </span>
     <span class='ocr_line' id='line_1_4' title="bbox 405 684 2080 775; baseline -0.005 -18"><span class='ocrx_word' id='word_1_20' title='bbox 405 714 490 757; x_wconf 85' lang='lat' dir='ltr'><strong>ex</strong></span> <span class='ocrx_word' id='word_1_21' title='bbox 534 689 879 756; x_wconf 78' lang='lat' dir='ltr'>Nicandro</span> <span class='ocrx_word' id='word_1_22' title='bbox 925 687 1074 775; x_wconf 91' lang='lat' dir='ltr'><strong>ipso</strong></span> <span class='ocrx_word' id='word_1_23' title='bbox 1124 685 1439 773; x_wconf 82' lang='lat' dir='ltr'><strong>equidem</strong></span> <span class='ocrx_word' id='word_1_24' title='bbox 1485 684 1786 752; x_wconf 89' lang='lat' dir='ltr'><strong>iudicare</strong></span> <span class='ocrx_word' id='word_1_25' title='bbox 1833 684 2080 752; x_wconf 87' lang='lat' dir='ltr'><strong>malim.</strong></span> 
     </span>
    </p>
   </div>
   <div class='ocr_carea' id='block_1_3' title="bbox 407 900 2969 4648">
    <p class='ocr_par' dir='ltr' id='par_1_3' title="bbox 407 900 2893 3680">
     <span class='ocr_line' id='line_1_5' title="bbox 619 900 2865 988; baseline -0.002 -17"><span class='ocrx_word' id='word_1_26' title='bbox 619 906 882 982; x_wconf 77' lang='lat' dir='ltr'><strong>Restat,</strong></span> <span class='ocrx_word' id='word_1_27' title='bbox 932 909 1009 968; x_wconf 87' lang='lat' dir='ltr'><strong>ut</strong></span> <span class='ocrx_word' id='word_1_28' title='bbox 1053 901 1265 969; x_wconf 83' lang='lat' dir='ltr'><strong>fontis</strong></span> <span class='ocrx_word' id='word_1_29' title='bbox 1314 900 1646 988; x_wconf 83' lang='lat' dir='ltr'>originem</span> <span class='ocrx_word' id='word_1_30' title='bbox 1680 900 2164 986; x_wconf 88' lang='lat' dir='ltr'><strong>Hippucrenae</strong></span> <span class='ocrx_word' id='word_1_31' title='bbox 2194 906 2580 967; x_wconf 79' lang='lat' dir='ltr'><strong>tractemus,</strong></span> <span class='ocrx_word' id='word_1_32' title='bbox 2650 902 2865 982; x_wconf 81' lang='lat' dir='ltr'><strong>Quem</strong></span> 
     </span>
     <span class='ocr_line' id='line_1_6' title="bbox 408 1007 2865 1099; baseline -0.002 -19"><span class='ocrx_word' id='word_1_33' title='bbox 408 1013 589 1080; x_wconf 94' lang='lat' dir='ltr'><strong>enim</strong></span> <span class='ocrx_word' id='word_1_34' title='bbox 633 1011 881 1099; x_wconf 81' lang='lat' dir='ltr'><strong>Pegasi</strong></span> <span class='ocrx_word' id='word_1_35' title='bbox 926 1011 1067 1077; x_wconf 92' lang='lat' dir='ltr'><strong>ictu</strong></span> <span class='ocrx_word' id='word_1_36' title='bbox 1114 1018 1337 1077; x_wconf 91' lang='lat' dir='ltr'><strong>ortum</strong></span> <span class='ocrx_word' id='word_1_37' title='bbox 1385 1030 1534 1074; x_wconf 91' lang='lat' dir='ltr'><strong>esse</strong></span> <span class='ocrx_word' id='word_1_38' title='bbox 1567 1016 1847 1074; x_wconf 88' lang='lat' dir='ltr'><strong>narrant</strong></span> <span class='ocrx_word' id='word_1_39' title='bbox 1894 1014 1962 1074; x_wconf 87' lang='lat' dir='ltr'><strong>et</strong></span> <span class='ocrx_word' id='word_1_40' title='bbox 2009 1007 2297 1073; x_wconf 89' lang='lat' dir='ltr'><strong>Ovidius</strong></span> <span class='ocrx_word' id='word_1_41' title='bbox 2346 1015 2414 1073; x_wconf 92' lang='lat' dir='ltr'><strong>et</strong></span> <span class='ocrx_word' id='word_1_42' title='bbox 2459 1008 2601 1088; x_wconf 84' lang='lat' dir='ltr'><strong>alii3</strong></span> <span class='ocrx_word' id='word_1_43' title='bbox 2649 1010 2865 1076; x_wconf 91' lang='lat' dir='ltr'><strong>Anto-</strong></span> 
     </span>
     <span class='ocr_line' id='line_1_7' title="bbox 407 1116 2867 1206; baseline -0.002 -18"><span class='ocrx_word' id='word_1_44' title='bbox 407 1122 613 1188; x_wconf 89' lang='lat' dir='ltr'><strong>ninus</strong></span> <span class='ocrx_word' id='word_1_45' title='bbox 683 1142 847 1187; x_wconf 92' lang='lat' dir='ltr'><strong>vero</strong></span> <span class='ocrx_word' id='word_1_46' title='bbox 918 1141 1324 1206; x_wconf 89' lang='lat' dir='ltr'><strong>quamquam</strong></span> <span class='ocrx_word' id='word_1_47' title='bbox 1393 1116 1642 1204; x_wconf 78' lang='lat' dir='ltr'><strong>Pegasi</strong></span> <span class='ocrx_word' id='word_1_48' title='bbox 1717 1116 1927 1182; x_wconf 91' lang='lat' dir='ltr'><strong>ictum</strong></span> <span class='ocrx_word' id='word_1_49' title='bbox 1998 1117 2570 1197; x_wconf 89' lang='lat' dir='ltr'><strong>commemoravit,</strong></span> <span class='ocrx_word' id='word_1_50' title='bbox 2638 1124 2867 1184; x_wconf 90' lang='lat' dir='ltr'><strong>tamen</strong></span> 
     </span>
     <span class='ocr_line' id='line_1_8' title="bbox 408 1223 2869 1316; baseline -0.001 -21"><span class='ocrx_word' id='word_1_51' title='bbox 408 1229 890 1316; x_wconf 87' lang='lat' dir='ltr'><strong>Hippucrenae</strong></span> <span class='ocrx_word' id='word_1_52' title='bbox 933 1227 1347 1294; x_wconf 79' lang='lat' dir='ltr'><strong>mentionem</strong></span> <span class='ocrx_word' id='word_1_53' title='bbox 1406 1247 1545 1292; x_wconf 95' lang='lat' dir='ltr'><strong>non</strong></span> <span class='ocrx_word' id='word_1_54' title='bbox 1593 1224 1774 1291; x_wconf 86' lang='lat' dir='ltr'><strong>fecit.</strong></span> <span class='ocrx_word' id='word_1_55' title='bbox 1870 1225 2086 1291; x_wconf 83' lang='lat' dir='ltr'><strong>Recte</strong></span> <span class='ocrx_word' id='word_1_56' title='bbox 2142 1223 2476 1291; x_wconf 88' lang='lat' dir='ltr'><strong>iudicasse</strong></span> <span class='ocrx_word' id='word_1_57' title='bbox 2526 1232 2694 1313; x_wconf 87' lang='lat' dir='ltr'><strong>puto</strong></span> <span class='ocrx_word' id='word_1_58' title='bbox 2740 1225 2869 1291; x_wconf 92' lang='lat' dir='ltr'><strong>Be-</strong></span> 
     </span>
     <span class='ocr_line' id='line_1_9' title="bbox 408 1331 2870 1422; baseline -0.002 -19"><span class='ocrx_word' id='word_1_59' title='bbox 408 1338 665 1416; x_wconf 91' lang='lat' dir='ltr'><strong>theum,</strong></span> <span class='ocrx_word' id='word_1_60' title='bbox 716 1335 831 1422; x_wconf 89' lang='lat' dir='ltr'><strong>qui</strong></span> <span class='ocrx_word' id='word_1_61' title='bbox 876 1334 1295 1400; x_wconf 83' lang='lat' dir='ltr'><strong>Nicandrum</strong></span> <span class='ocrx_word' id='word_1_62' title='bbox 1342 1332 1696 1399; x_wconf 91' lang='lat' dir='ltr'><strong>Antonino</strong></span> <span class='ocrx_word' id='word_1_63' title='bbox 1757 1331 1975 1399; x_wconf 91' lang='lat' dir='ltr'><strong>invito</strong></span> <span class='ocrx_word' id='word_1_64' title='bbox 2031 1331 2241 1398; x_wconf 87' lang='lat' dir='ltr'><strong>fontis</strong></span> <span class='ocrx_word' id='word_1_65' title='bbox 2299 1331 2632 1418; x_wconf 85' lang='lat' dir='ltr'><strong>originem</strong></span> <span class='ocrx_word' id='word_1_66' title='bbox 2679 1356 2870 1399; x_wconf 91' lang='lat' dir='ltr'><strong>enar-</strong></span> 
     </span>
     <span class='ocr_line' id='line_1_10' title="bbox 411 1440 2872 1529; baseline -0.002 -19"><span class='ocrx_word' id='word_1_67' title='bbox 411 1467 596 1511; x_wconf 86' lang='lat' dir='ltr'><strong>rasse</strong></span> <span class='ocrx_word' id='word_1_68' title='bbox 644 1442 924 1510; x_wconf 87' lang='lat' dir='ltr'><strong>censuit.</strong></span> <span class='ocrx_word' id='word_1_69' title='bbox 1018 1442 1202 1508; x_wconf 90' lang='lat' dir='ltr'><strong>Hinc</strong></span> <span class='ocrx_word' id='word_1_70' title='bbox 1259 1464 1421 1508; x_wconf 91' lang='lat' dir='ltr'><strong>vero</strong></span> <span class='ocrx_word' id='word_1_71' title='bbox 1468 1442 1687 1506; x_wconf 91' lang='lat' dir='ltr'><strong>Bethe</strong></span> <span class='ocrx_word' id='word_1_72' title='bbox 1736 1440 2088 1519; x_wconf 79' lang='lat' dir='ltr'><strong>conclusit,</strong></span> <span class='ocrx_word' id='word_1_73' title='bbox 2149 1441 2489 1519; x_wconf 85' lang='lat' dir='ltr'><strong>Ovidium,</strong></span> <span class='ocrx_word' id='word_1_74' title='bbox 2544 1440 2659 1526; x_wconf 88' lang='lat' dir='ltr'><strong>qui</strong></span> <span class='ocrx_word' id='word_1_75' title='bbox 2703 1442 2872 1529; x_wconf 87' lang='lat' dir='ltr'><strong>Hip-</strong></span> 
     </span>
     <span class='ocr_line' id='line_1_11' title="bbox 412 1547 2872 1640; baseline -0.001 -23"><span class='ocrx_word' id='word_1_76' title='bbox 412 1574 750 1640; x_wconf 91' lang='lat' dir='ltr'><strong>pucrenae</strong></span> <span class='ocrx_word' id='word_1_77' title='bbox 799 1550 1131 1637; x_wconf 90' lang='lat' dir='ltr'><strong>originem</strong></span> <span class='ocrx_word' id='word_1_78' title='bbox 1178 1548 1249 1614; x_wconf 92' lang='lat' dir='ltr'><strong>in</strong></span> <span class='ocrx_word' id='word_1_79' title='bbox 1281 1549 1610 1615; x_wconf 86' lang='lat' dir='ltr'><strong>Nicandri</strong></span> <span class='ocrx_word' id='word_1_80' title='bbox 1654 1548 1889 1614; x_wconf 84' lang='lat' dir='ltr'><strong>fabula</strong></span> <span class='ocrx_word' id='word_1_81' title='bbox 1935 1549 2175 1615; x_wconf 91' lang='lat' dir='ltr'><strong>eodem</strong></span> <span class='ocrx_word' id='word_1_82' title='bbox 2220 1550 2369 1616; x_wconf 91' lang='lat' dir='ltr'><strong>loco</strong></span> <span class='ocrx_word' id='word_1_83' title='bbox 2412 1547 2692 1635; x_wconf 85' lang='lat' dir='ltr'><strong>legisset</strong></span> <span class='ocrx_word' id='word_1_84' title='bbox 2739 1571 2872 1635; x_wconf 89' lang='lat' dir='ltr'><strong>quo</strong></span> 
     </span>
     <span class='ocr_line' id='line_1_12' title="bbox 411 1655 2874 1744; baseline -0.002 -19"><span class='ocrx_word' id='word_1_85' title='bbox 411 1658 805 1726; x_wconf 91' lang='lat' dir='ltr'><strong>Antoninus</strong></span> <span class='ocrx_word' id='word_1_86' title='bbox 853 1680 1001 1723; x_wconf 90' lang='lat' dir='ltr'><strong>eam</strong></span> <span class='ocrx_word' id='word_1_87' title='bbox 1048 1657 1469 1744; x_wconf 87' lang='lat' dir='ltr'><strong>promovisse</strong></span> <span class='ocrx_word' id='word_1_88' title='bbox 1523 1656 1596 1721; x_wconf 92' lang='lat' dir='ltr'><strong>in</strong></span> <span class='ocrx_word' id='word_1_89' title='bbox 1652 1655 1855 1721; x_wconf 90' lang='lat' dir='ltr'><strong>huius</strong></span> <span class='ocrx_word' id='word_1_90' title='bbox 1929 1656 2105 1742; x_wconf 89' lang='lat' dir='ltr'><strong>cycli</strong></span> <span class='ocrx_word' id='word_1_91' title='bbox 2148 1656 2438 1735; x_wconf 90' lang='lat' dir='ltr'><strong>initium,</strong></span> <span class='ocrx_word' id='word_1_92' title='bbox 2500 1663 2577 1721; x_wconf 93' lang='lat' dir='ltr'><strong>ut</strong></span> <span class='ocrx_word' id='word_1_93' title='bbox 2640 1663 2874 1744; x_wconf 93' lang='lat' dir='ltr'><strong>aptum</strong></span> 
     </span>
     <span class='ocr_line' id='line_1_13' title="bbox 412 1763 2872 1853; baseline -0.002 -19"><span class='ocrx_word' id='word_1_94' title='bbox 412 1767 542 1834; x_wconf 92' lang='lat' dir='ltr'><strong>sibi</strong></span> <span class='ocrx_word' id='word_1_95' title='bbox 610 1767 909 1853; x_wconf 85' lang='lat' dir='ltr'><strong>fingeret</strong></span> <span class='ocrx_word' id='word_1_96' title='bbox 985 1765 1358 1831; x_wconf 85' lang='lat' dir='ltr'><strong>transitum</strong></span> <span class='ocrx_word' id='word_1_97' title='bbox 1436 1786 1475 1829; x_wconf 98' lang='lat' dir='ltr'><strong>a</strong></span> <span class='ocrx_word' id='word_1_98' title='bbox 1542 1763 1777 1829; x_wconf 88' lang='lat' dir='ltr'><strong>Persei</strong></span> <span class='ocrx_word' id='word_1_99' title='bbox 1845 1763 2094 1830; x_wconf 85' lang='lat' dir='ltr'><strong>fabulis</strong></span> <span class='ocrx_word' id='word_1_100' title='bbox 2166 1764 2251 1830; x_wconf 92' lang='lat' dir='ltr'><strong>ad</strong></span> <span class='ocrx_word' id='word_1_101' title='bbox 2313 1765 2443 1832; x_wconf 91' lang='lat' dir='ltr'><strong>hoc</strong></span> <span class='ocrx_word' id='word_1_102' title='bbox 2512 1772 2872 1830; x_wconf 90' lang='lat' dir='ltr'><strong>certamen.</strong></span> 
     </span>
     <span class='ocr_line' id='line_1_14' title="bbox 412 1871 2878 1958; baseline -0.001 -18"><span class='ocrx_word' id='word_1_103' title='bbox 412 1874 585 1940; x_wconf 84' lang='lat' dir='ltr'><strong>Rem</strong></span> <span class='ocrx_word' id='word_1_104' title='bbox 644 1874 740 1939; x_wconf 92' lang='lat' dir='ltr'><strong>sic</strong></span> <span class='ocrx_word' id='word_1_105' title='bbox 798 1895 869 1938; x_wconf 88' lang='lat' dir='ltr'><strong>se</strong></span> <span class='ocrx_word' id='word_1_106' title='bbox 930 1872 1179 1939; x_wconf 92' lang='lat' dir='ltr'><strong>habere</strong></span> <span class='ocrx_word' id='word_1_107' title='bbox 1236 1893 1435 1958; x_wconf 92' lang='lat' dir='ltr'><strong>nego.</strong></span> <span class='ocrx_word' id='word_1_108' title='bbox 1530 1871 1704 1936; x_wconf 88' lang='lat' dir='ltr'><strong>Nam</strong></span> <span class='ocrx_word' id='word_1_109' title='bbox 1754 1871 1983 1939; x_wconf 90' lang='lat' dir='ltr'><strong>Ovidii</strong></span> <span class='ocrx_word' id='word_1_110' title='bbox 2041 1879 2225 1937; x_wconf 91' lang='lat' dir='ltr'><strong>mett.</strong></span> <span class='ocrx_word' id='word_1_111' title='bbox 2259 1871 2326 1937; x_wconf 91' lang='lat' dir='ltr'><strong>V</strong></span> <span class='ocrx_word' id='word_1_112' title='bbox 2374 1881 2501 1941; x_wconf 83' lang='lat'><strong>265</strong></span> <span class='ocrx_word' id='word_1_113' title='bbox 2551 1894 2639 1938; x_wconf 90' lang='lat' dir='ltr'><strong>ss.</strong></span> <span class='ocrx_word' id='word_1_114' title='bbox 2688 1872 2878 1938; x_wconf 91' lang='lat' dir='ltr'><strong>nulla</strong></span> 
     </span>
     <span class='ocr_line' id='line_1_15' title="bbox 415 1979 2879 2066; baseline -0.002 -18"><span class='ocrx_word' id='word_1_115' title='bbox 415 2005 486 2048; x_wconf 92' lang='lat' dir='ltr'><strong>re</strong></span> <span class='ocrx_word' id='word_1_116' title='bbox 547 1995 703 2047; x_wconf 88' lang='lat' dir='ltr'><strong>cum</strong></span> <span class='ocrx_word' id='word_1_117' title='bbox 760 1980 1112 2046; x_wconf 83' lang='lat' dir='ltr'><strong>Antonino</strong></span> <span class='ocrx_word' id='word_1_118' title='bbox 1179 1979 1616 2047; x_wconf 89' lang='lat' dir='ltr'><strong>consentiunt</strong></span> <span class='ocrx_word' id='word_1_119' title='bbox 1681 1979 1815 2044; x_wconf 90' lang='lat' dir='ltr'><strong>nisi</strong></span> <span class='ocrx_word' id='word_1_120' title='bbox 1880 1982 2010 2045; x_wconf 92' lang='lat' dir='ltr'><strong>hac</strong></span> <span class='ocrx_word' id='word_1_121' title='bbox 2074 2002 2232 2058; x_wconf 91' lang='lat' dir='ltr'><strong>una,</strong></span> <span class='ocrx_word' id='word_1_122' title='bbox 2306 1979 2491 2065; x_wconf 91' lang='lat' dir='ltr'><strong>quod</strong></span> <span class='ocrx_word' id='word_1_123' title='bbox 2535 1980 2879 2066; x_wconf 88' lang='lat' dir='ltr'><strong>Pegasum</strong></span> 
     </span>
     <span class='ocr_line' id='line_1_16' title="bbox 414 2086 2877 2172; baseline -0 -18"><span class='ocrx_word' id='word_1_124' title='bbox 414 2089 627 2155; x_wconf 80' lang='lat' dir='ltr'><strong>fuisse</strong></span> <span class='ocrx_word' id='word_1_125' title='bbox 683 2088 894 2156; x_wconf 77' lang='lat' dir='ltr'><strong>fontis</strong></span> <span class='ocrx_word' id='word_1_126' title='bbox 952 2094 1296 2154; x_wconf 87' lang='lat' dir='ltr'><strong>auctorem</strong></span> <span class='ocrx_word' id='word_1_127' title='bbox 1342 2087 1560 2152; x_wconf 83' lang='lat' dir='ltr'><strong>Bethe</strong></span> <span class='ocrx_word' id='word_1_128' title='bbox 1612 2086 1820 2152; x_wconf 89' lang='lat' dir='ltr'><strong>sumit</strong></span> <span class='ocrx_word' id='word_1_129' title='bbox 1873 2125 1962 2136; x_wconf 97' lang='lat'>—</span> <span class='ocrx_word' id='word_1_130' title='bbox 2015 2086 2098 2152; x_wconf 92' lang='lat' dir='ltr'><strong>id</strong></span> <span class='ocrx_word' id='word_1_131' title='bbox 2147 2087 2357 2172; x_wconf 90' lang='lat' dir='ltr'><strong>quod</strong></span> <span class='ocrx_word' id='word_1_132' title='bbox 2404 2087 2877 2153; x_wconf 87' lang='lat' dir='ltr'><strong>Antoninus</strong></span> 
     </span>
     <span class='ocr_line' id='line_1_17' title="bbox 419 2193 2878 2275; baseline -0.001 -13"><span class='ocrx_word' id='word_1_133' title='bbox 419 2219 1041 2264; x_wconf 89' lang='lat' dir='ltr'><strong>commemorare</strong></span> <span class='ocrx_word' id='word_1_134' title='bbox 1108 2194 1419 2263; x_wconf 87' lang='lat' dir='ltr'><strong>oblitus</strong></span> <span class='ocrx_word' id='word_1_135' title='bbox 1486 2193 1634 2260; x_wconf 86' lang='lat' dir='ltr'><strong>est!</strong></span> <span class='ocrx_word' id='word_1_136' title='bbox 1717 2194 2003 2261; x_wconf 89' lang='lat' dir='ltr'><strong>Ovidius</strong></span> <span class='ocrx_word' id='word_1_137' title='bbox 2069 2194 2249 2261; x_wconf 92' lang='lat' dir='ltr'><strong>enim</strong></span> <span class='ocrx_word' id='word_1_138' title='bbox 2314 2202 2563 2275; x_wconf 87' lang='lat' dir='ltr'><strong>narrat,</strong></span> <span class='ocrx_word' id='word_1_139' title='bbox 2629 2195 2878 2261; x_wconf 92' lang='lat' dir='ltr'><strong>Miner-</strong></span> 
     </span>
     <span class='ocr_line' id='line_1_18' title="bbox 419 2302 2881 2383; baseline 0 -14"><span class='ocrx_word' id='word_1_140' title='bbox 419 2326 575 2370; x_wconf 90' lang='lat' dir='ltr'><strong>vam</strong></span> <span class='ocrx_word' id='word_1_141' title='bbox 634 2304 872 2370; x_wconf 92' lang='lat' dir='ltr'><strong>Persei</strong></span> <span class='ocrx_word' id='word_1_142' title='bbox 940 2303 1253 2370; x_wconf 91' lang='lat' dir='ltr'><strong>comitem</strong></span> <span class='ocrx_word' id='word_1_143' title='bbox 1321 2302 1715 2369; x_wconf 83' lang='lat' dir='ltr'><strong>interfuisse</strong></span> <span class='ocrx_word' id='word_1_144' title='bbox 1780 2303 1933 2369; x_wconf 91' lang='lat' dir='ltr'><strong>neci</strong></span> <span class='ocrx_word' id='word_1_145' title='bbox 1998 2303 2343 2383; x_wconf 87' lang='lat' dir='ltr'><strong>Medusae,</strong></span> <span class='ocrx_word' id='word_1_146' title='bbox 2415 2312 2562 2370; x_wconf 92' lang='lat' dir='ltr'><strong>tum</strong></span> <span class='ocrx_word' id='word_1_147' title='bbox 2625 2303 2881 2370; x_wconf 91' lang='lat' dir='ltr'><strong>vidisse</strong></span> 
     </span>
     <span class='ocr_line' id='line_1_19' title="bbox 419 2409 2880 2499; baseline -0 -22"><span class='ocrx_word' id='word_1_148' title='bbox 419 2434 566 2477; x_wconf 91' lang='lat' dir='ltr'><strong>eam</strong></span> <span class='ocrx_word' id='word_1_149' title='bbox 611 2412 951 2499; x_wconf 85' lang='lat' dir='ltr'><strong>Pegasum</strong></span> <span class='ocrx_word' id='word_1_150' title='bbox 1000 2434 1084 2477; x_wconf 81' lang='lat' dir='ltr'><strong>ex</strong></span> <span class='ocrx_word' id='word_1_151' title='bbox 1139 2410 1321 2476; x_wconf 91' lang='lat' dir='ltr'><strong>illius</strong></span> <span class='ocrx_word' id='word_1_152' title='bbox 1370 2409 1704 2497; x_wconf 90' lang='lat' dir='ltr'><strong>sanguine</strong></span> <span class='ocrx_word' id='word_1_153' title='bbox 1762 2409 1835 2474; x_wconf 91' lang='lat' dir='ltr'><strong>in</strong></span> <span class='ocrx_word' id='word_1_154' title='bbox 1880 2409 2102 2476; x_wconf 92' lang='lat' dir='ltr'><strong>lucem</strong></span> <span class='ocrx_word' id='word_1_155' title='bbox 2150 2410 2428 2490; x_wconf 92' lang='lat' dir='ltr'><strong>editum,</strong></span> <span class='ocrx_word' id='word_1_156' title='bbox 2487 2434 2675 2477; x_wconf 93' lang='lat' dir='ltr'><strong>nunc</strong></span> <span class='ocrx_word' id='word_1_157' title='bbox 2734 2433 2880 2476; x_wconf 89' lang='lat' dir='ltr'><strong>eam</strong></span> 
     </span>
     <span class='ocr_line' id='line_1_20' title="bbox 417 2517 2881 2586; baseline 0 -2"><span class='ocrx_word' id='word_1_158' title='bbox 417 2519 763 2586; x_wconf 88' lang='lat' dir='ltr'><strong>audivisse</strong></span> <span class='ocrx_word' id='word_1_159' title='bbox 822 2518 905 2585; x_wconf 90' lang='lat' dir='ltr'><strong>ab</strong></span> <span class='ocrx_word' id='word_1_160' title='bbox 963 2518 1079 2585; x_wconf 90' lang='lat' dir='ltr'><strong>illo</strong></span> <span class='ocrx_word' id='word_1_161' title='bbox 1137 2518 1209 2584; x_wconf 91' lang='lat' dir='ltr'><strong>in</strong></span> <span class='ocrx_word' id='word_1_162' title='bbox 1255 2518 1587 2584; x_wconf 91' lang='lat' dir='ltr'><strong>Helicone</strong></span> <span class='ocrx_word' id='word_1_163' title='bbox 1643 2525 1876 2583; x_wconf 90' lang='lat' dir='ltr'><strong>monte</strong></span> <span class='ocrx_word' id='word_1_164' title='bbox 1929 2517 2192 2584; x_wconf 83' lang='lat' dir='ltr'><strong>fontem</strong></span> <span class='ocrx_word' id='word_1_165' title='bbox 2251 2540 2400 2585; x_wconf 91' lang='lat' dir='ltr'><strong>esse</strong></span> <span class='ocrx_word' id='word_1_166' title='bbox 2445 2519 2702 2585; x_wconf 78' lang='lat' dir='ltr'><strong>factum</strong></span> <span class='ocrx_word' id='word_1_167' title='bbox 2759 2541 2881 2584; x_wconf 91' lang='lat' dir='ltr'><strong>un-</strong></span> 
     </span>
     <span class='ocr_line' id='line_1_21' title="bbox 419 2626 2883 2712; baseline 0 -21"><span class='ocrx_word' id='word_1_168' title='bbox 419 2627 621 2712; x_wconf 91' lang='lat' dir='ltr'><strong>gulae</strong></span> <span class='ocrx_word' id='word_1_169' title='bbox 689 2628 847 2693; x_wconf 89' lang='lat' dir='ltr'><strong>ictu.</strong></span> <span class='ocrx_word' id='word_1_170' title='bbox 951 2629 1142 2694; x_wconf 93' lang='lat' dir='ltr'><strong>Haec</strong></span> <span class='ocrx_word' id='word_1_171' title='bbox 1213 2626 1439 2694; x_wconf 91' lang='lat' dir='ltr'><strong>omnia</strong></span> <span class='ocrx_word' id='word_1_172' title='bbox 1509 2633 1837 2712; x_wconf 91' lang='lat' dir='ltr'><strong>quantum</strong></span> <span class='ocrx_word' id='word_1_173' title='bbox 1906 2626 1991 2692; x_wconf 93' lang='lat' dir='ltr'><strong>ab</strong></span> <span class='ocrx_word' id='word_1_174' title='bbox 2061 2626 2415 2694; x_wconf 86' lang='lat' dir='ltr'><strong>Antonino</strong></span> <span class='ocrx_word' id='word_1_175' title='bbox 2492 2628 2883 2705; x_wconf 90' lang='lat' dir='ltr'><strong>abhorrent,</strong></span> 
     </span>
     <span class='ocr_line' id='line_1_22' title="bbox 419 2733 2883 2822; baseline 0.001 -24"><span class='ocrx_word' id='word_1_176' title='bbox 419 2741 687 2799; x_wconf 91' lang='lat' dir='ltr'><strong>tantum</strong></span> <span class='ocrx_word' id='word_1_177' title='bbox 736 2734 823 2799; x_wconf 90' lang='lat' dir='ltr'><strong>ad</strong></span> <span class='ocrx_word' id='word_1_178' title='bbox 853 2734 1234 2800; x_wconf 89' lang='lat' dir='ltr'><strong>Hesiodum</strong></span> <span class='ocrx_word' id='word_1_179' title='bbox 1281 2741 1676 2819; x_wconf 88' lang='lat' dir='ltr'><strong>ceterosque</strong></span> <span class='ocrx_word' id='word_1_180' title='bbox 1708 2733 2263 2821; x_wconf 88' lang='lat' dir='ltr'><strong>genealogiarum</strong></span> <span class='ocrx_word' id='word_1_181' title='bbox 2298 2734 2661 2822; x_wconf 87' lang='lat' dir='ltr'><strong>scriptores</strong></span> <span class='ocrx_word' id='word_1_182' title='bbox 2697 2756 2883 2822; x_wconf 90' lang='lat' dir='ltr'><strong>spec-</strong></span> 
     </span>
     <span class='ocr_line' id='line_1_23' title="bbox 421 2840 2885 2928; baseline 0.001 -23"><span class='ocrx_word' id='word_1_183' title='bbox 421 2847 590 2907; x_wconf 87' lang='lat' dir='ltr'><strong>tant.</strong></span> <span class='ocrx_word' id='word_1_184' title='bbox 685 2842 847 2907; x_wconf 90' lang='lat' dir='ltr'><strong>Hes.</strong></span> <span class='ocrx_word' id='word_1_185' title='bbox 900 2841 1155 2928; x_wconf 81' lang='lat' dir='ltr'><strong>Theog.</strong></span> <span class='ocrx_word' id='word_1_186' title='bbox 1215 2864 1281 2907; x_wconf 91' lang='lat' dir='ltr'><strong>v.</strong></span> <span class='ocrx_word' id='word_1_187' title='bbox 1334 2850 1372 2908; x_wconf 90' lang='lat'>6</span> <span class='ocrx_word' id='word_1_188' title='bbox 1433 2840 1924 2928; x_wconf 90' lang='lat' dir='ltr'><strong>Hippucrenen</strong></span> <span class='ocrx_word' id='word_1_189' title='bbox 1983 2842 2279 2928; x_wconf 89' lang='lat' dir='ltr'><strong>appellat</strong></span> <span class='ocrx_word' id='word_1_190' title='bbox 2337 2863 2602 2908; x_wconf 87' lang='lat' dir='ltr'><strong>sacrum</strong></span> <span class='ocrx_word' id='word_1_191' title='bbox 2660 2843 2885 2908; x_wconf 89' lang='lat' dir='ltr'><strong>Musa-</strong></span> 
     </span>
     <span class='ocr_line' id='line_1_24' title="bbox 427 2948 2885 3036; baseline 0.001 -24"><span class='ocrx_word' id='word_1_192' title='bbox 427 2971 577 3014; x_wconf 90' lang='lat' dir='ltr'><strong>rum</strong></span> <span class='ocrx_word' id='word_1_193' title='bbox 625 2948 907 3026; x_wconf 85' lang='lat' dir='ltr'><strong>fontem,</strong></span> <span class='ocrx_word' id='word_1_194' title='bbox 954 2970 1022 3012; x_wconf 94' lang='lat' dir='ltr'><strong>v.</strong></span> <span class='ocrx_word' id='word_1_195' title='bbox 1071 2958 1197 3016; x_wconf 83' lang='lat'><strong>281</strong></span> <span class='ocrx_word' id='word_1_196' title='bbox 1248 2949 1602 3034; x_wconf 88' lang='lat' dir='ltr'><strong>Pegasum</strong></span> <span class='ocrx_word' id='word_1_197' title='bbox 1639 2969 1789 3013; x_wconf 89' lang='lat' dir='ltr'><strong>esse</strong></span> <span class='ocrx_word' id='word_1_198' title='bbox 1837 2955 2061 3015; x_wconf 91' lang='lat' dir='ltr'><strong>ortum</strong></span> <span class='ocrx_word' id='word_1_199' title='bbox 2109 2971 2192 3014; x_wconf 84' lang='lat' dir='ltr'><strong>ex</strong></span> <span class='ocrx_word' id='word_1_200' title='bbox 2241 2949 2525 3015; x_wconf 89' lang='lat' dir='ltr'><strong>Medusa</strong></span> <span class='ocrx_word' id='word_1_201' title='bbox 2570 2971 2693 3036; x_wconf 90' lang='lat' dir='ltr'><strong>per</strong></span> <span class='ocrx_word' id='word_1_202' title='bbox 2727 2949 2885 3014; x_wconf 92' lang='lat' dir='ltr'><strong>Per-</strong></span> 
     </span>
     <span class='ocr_line' id='line_1_25' title="bbox 422 3055 2888 3143; baseline 0.001 -21"><span class='ocrx_word' id='word_1_203' title='bbox 422 3078 635 3136; x_wconf 90' lang='lat' dir='ltr'><strong>seum,</strong></span> <span class='ocrx_word' id='word_1_204' title='bbox 702 3077 830 3122; x_wconf 92' lang='lat' dir='ltr'><strong>nec</strong></span> <span class='ocrx_word' id='word_1_205' title='bbox 894 3056 1107 3121; x_wconf 91' lang='lat' dir='ltr'><strong>ullum</strong></span> <span class='ocrx_word' id='word_1_206' title='bbox 1172 3055 1336 3121; x_wconf 84' lang='lat' dir='ltr'><strong>facit</strong></span> <span class='ocrx_word' id='word_1_207' title='bbox 1402 3056 1685 3122; x_wconf 87' lang='lat' dir='ltr'><strong>verbum</strong></span> <span class='ocrx_word' id='word_1_208' title='bbox 1747 3055 1833 3120; x_wconf 93' lang='lat' dir='ltr'><strong>de</strong></span> <span class='ocrx_word' id='word_1_209' title='bbox 1892 3056 2372 3143; x_wconf 89' lang='lat' dir='ltr'><strong>Hippucrenae</strong></span> <span class='ocrx_word' id='word_1_210' title='bbox 2441 3064 2612 3124; x_wconf 90' lang='lat' dir='ltr'><strong>ortu.</strong></span> <span class='ocrx_word' id='word_1_211' title='bbox 2691 3057 2888 3124; x_wconf 87' lang='lat' dir='ltr'><strong>Idem</strong></span> 
     </span>
     <span class='ocr_line' id='line_1_26' title="bbox 424 3163 2889 3252; baseline 0 -22"><span class='ocrx_word' id='word_1_212' title='bbox 424 3164 752 3252; x_wconf 87' lang='lat' dir='ltr'><strong>scriptum</strong></span> <span class='ocrx_word' id='word_1_213' title='bbox 784 3163 1097 3230; x_wconf 88' lang='lat' dir='ltr'><strong>videmus</strong></span> <span class='ocrx_word' id='word_1_214' title='bbox 1130 3163 1214 3229; x_wconf 88' lang='lat' dir='ltr'><strong>ab</strong></span> <span class='ocrx_word' id='word_1_215' title='bbox 1248 3163 1668 3250; x_wconf 90' lang='lat' dir='ltr'><strong>Apollodoro</strong></span> <span class='ocrx_word' id='word_1_216' title='bbox 1718 3170 1787 3228; x_wconf 95' lang='lat' dir='ltr'><strong>et</strong></span> <span class='ocrx_word' id='word_1_217' title='bbox 1829 3163 2134 3251; x_wconf 87' lang='lat' dir='ltr'><strong>Hygino.</strong></span> <span class='ocrx_word' id='word_1_218' title='bbox 2182 3164 2356 3230; x_wconf 92' lang='lat' dir='ltr'><strong>Inde</strong></span> <span class='ocrx_word' id='word_1_219' title='bbox 2386 3163 2554 3229; x_wconf 85' lang='lat' dir='ltr'><strong>mihi</strong></span> <span class='ocrx_word' id='word_1_220' title='bbox 2585 3186 2889 3252; x_wconf 90' lang='lat' dir='ltr'><strong>compro-</strong></span> 
     </span>
     <span class='ocr_line' id='line_1_27' title="bbox 424 3269 2889 3358; baseline 0 -20"><span class='ocrx_word' id='word_1_221' title='bbox 424 3272 648 3350; x_wconf 88' lang='lat' dir='ltr'><strong>batur,</strong></span> <span class='ocrx_word' id='word_1_222' title='bbox 680 3271 1162 3358; x_wconf 90' lang='lat' dir='ltr'><strong>Hippucrenae</strong></span> <span class='ocrx_word' id='word_1_223' title='bbox 1197 3269 1527 3356; x_wconf 85' lang='lat' dir='ltr'><strong>originem</strong></span> <span class='ocrx_word' id='word_1_224' title='bbox 1561 3292 1601 3336; x_wconf 99' lang='lat' dir='ltr'><strong>a</strong></span> <span class='ocrx_word' id='word_1_225' title='bbox 1630 3270 1895 3357; x_wconf 89' lang='lat' dir='ltr'><strong>Pegaso</strong></span> <span class='ocrx_word' id='word_1_226' title='bbox 1929 3271 2177 3337; x_wconf 84' lang='lat' dir='ltr'><strong>factam</strong></span> <span class='ocrx_word' id='word_1_227' title='bbox 2223 3293 2362 3336; x_wconf 93' lang='lat' dir='ltr'><strong>non</strong></span> <span class='ocrx_word' id='word_1_228' title='bbox 2409 3293 2559 3337; x_wconf 90' lang='lat' dir='ltr'><strong>esse</strong></span> <span class='ocrx_word' id='word_1_229' title='bbox 2589 3272 2889 3339; x_wconf 85' lang='lat' dir='ltr'><strong>fabulam</strong></span> 
     </span>
     <span class='ocr_line' id='line_1_28' title="bbox 431 3376 2890 3466; baseline 0 -21"><span class='ocrx_word' id='word_1_230' title='bbox 431 3378 856 3465; x_wconf 90' lang='lat' dir='ltr'><strong>divulgarem</strong></span> <span class='ocrx_word' id='word_1_231' title='bbox 906 3387 974 3444; x_wconf 88' lang='lat' dir='ltr'><strong>et</strong></span> <span class='ocrx_word' id='word_1_232' title='bbox 1019 3377 1469 3456; x_wconf 87' lang='lat' dir='ltr'><strong>Antoninum,</strong></span> <span class='ocrx_word' id='word_1_233' title='bbox 1520 3400 1721 3463; x_wconf 89' lang='lat' dir='ltr'><strong>quem</strong></span> <span class='ocrx_word' id='word_1_234' title='bbox 1769 3377 1972 3444; x_wconf 88' lang='lat' dir='ltr'><strong>etiam</strong></span> <span class='ocrx_word' id='word_1_235' title='bbox 2020 3376 2167 3444; x_wconf 92' lang='lat' dir='ltr'><strong>aliis</strong></span> <span class='ocrx_word' id='word_1_236' title='bbox 2214 3378 2379 3445; x_wconf 92' lang='lat' dir='ltr'><strong>locis</strong></span> <span class='ocrx_word' id='word_1_237' title='bbox 2428 3399 2582 3444; x_wconf 91' lang='lat' dir='ltr'><strong>cum</strong></span> <span class='ocrx_word' id='word_1_238' title='bbox 2615 3379 2890 3466; x_wconf 93' lang='lat' dir='ltr'><strong>Apollo-</strong></span> 
     </span>
     <span class='ocr_line' id='line_1_29' title="bbox 426 3483 2893 3571; baseline 0.001 -20"><span class='ocrx_word' id='word_1_239' title='bbox 426 3485 594 3552; x_wconf 91' lang='lat' dir='ltr'><strong>doro</strong></span> <span class='ocrx_word' id='word_1_240' title='bbox 666 3484 1050 3552; x_wconf 89' lang='lat' dir='ltr'><strong>consentire</strong></span> <span class='ocrx_word' id='word_1_241' title='bbox 1121 3506 1326 3571; x_wconf 87' lang='lat' dir='ltr'><strong>supra</strong></span> <span class='ocrx_word' id='word_1_242' title='bbox 1385 3484 1702 3564; x_wconf 77' lang='lat' dir='ltr'><strong>vidimuS,</strong></span> <span class='ocrx_word' id='word_1_243' title='bbox 1771 3486 1901 3552; x_wconf 91' lang='lat' dir='ltr'><strong>hoc</strong></span> <span class='ocrx_word' id='word_1_244' title='bbox 1965 3485 2115 3551; x_wconf 91' lang='lat' dir='ltr'><strong>loco</strong></span> <span class='ocrx_word' id='word_1_245' title='bbox 2173 3483 2504 3571; x_wconf 90' lang='lat' dir='ltr'><strong>originem</strong></span> <span class='ocrx_word' id='word_1_246' title='bbox 2562 3508 2704 3553; x_wconf 93' lang='lat' dir='ltr'><strong>non</strong></span> <span class='ocrx_word' id='word_1_247' title='bbox 2770 3508 2893 3553; x_wconf 91' lang='lat' dir='ltr'><strong>sua</strong></span> 
     </span>
     <span class='ocr_line' id='line_1_30' title="bbox 429 3591 2890 3680; baseline 0 -22"><span class='ocrx_word' id='word_1_248' title='bbox 429 3600 674 3680; x_wconf 91' lang='lat' dir='ltr'><strong>sponte</strong></span> <span class='ocrx_word' id='word_1_249' title='bbox 709 3613 859 3657; x_wconf 91' lang='lat' dir='ltr'><strong>esse</strong></span> <span class='ocrx_word' id='word_1_250' title='bbox 893 3591 1178 3658; x_wconf 92' lang='lat' dir='ltr'><strong>oblitum</strong></span> <span class='ocrx_word' id='word_1_251' title='bbox 1210 3591 1332 3657; x_wconf 91' lang='lat' dir='ltr'><strong>sed</strong></span> <span class='ocrx_word' id='word_1_252' title='bbox 1365 3592 1740 3658; x_wconf 89' lang='lat' dir='ltr'><strong>secundum</strong></span> <span class='ocrx_word' id='word_1_253' title='bbox 1764 3592 2026 3659; x_wconf 81' lang='lat' dir='ltr'><strong>fontem</strong></span> <span class='ocrx_word' id='word_1_254' title='bbox 2058 3591 2505 3659; x_wconf 90' lang='lat' dir='ltr'><strong>bibliothecae</strong></span> <span class='ocrx_word' id='word_1_255' title='bbox 2530 3592 2890 3661; x_wconf 91' lang='lat' dir='ltr'><strong>simillimo.</strong></span> 
     </span>
    </p>

    <p class='ocr_par' dir='ltr' id='par_1_4' title="bbox 423 3698 2969 4648">
     <span class='ocr_line' id='line_1_31' title="bbox 640 3698 2894 3786; baseline 0 -20"><span class='ocrx_word' id='word_1_256' title='bbox 640 3698 928 3767; x_wconf 87' lang='lat' dir='ltr'><strong>Ovidius</strong></span> <span class='ocrx_word' id='word_1_257' title='bbox 990 3721 1155 3766; x_wconf 93' lang='lat' dir='ltr'><strong>vero</strong></span> <span class='ocrx_word' id='word_1_258' title='bbox 1215 3698 1547 3786; x_wconf 86' lang='lat' dir='ltr'><strong>originem</strong></span> <span class='ocrx_word' id='word_1_259' title='bbox 1603 3698 1965 3765; x_wconf 88' lang='lat' dir='ltr'><strong>enarravit.</strong></span> <span class='ocrx_word' id='word_1_260' title='bbox 2058 3700 2266 3786; x_wconf 86' lang='lat' dir='ltr'><strong>Ergo,</strong></span> <span class='ocrx_word' id='word_1_261' title='bbox 2330 3699 2601 3780; x_wconf 82' lang='lat' dir='ltr'><strong>dixeris,</strong></span> <span class='ocrx_word' id='word_1_262' title='bbox 2659 3723 2798 3768; x_wconf 95' lang='lat' dir='ltr'><strong>non</strong></span> <span class='ocrx_word' id='word_1_263' title='bbox 2856 3724 2894 3767; x_wconf 91' lang='lat' dir='ltr'><strong>e</strong></span> 
     </span>
     <span class='ocr_line' id='line_1_32' title="bbox 431 3806 2895 3895; baseline -0 -22"><span class='ocrx_word' id='word_1_264' title='bbox 431 3808 836 3895; x_wconf 89' lang='lat' dir='ltr'><strong>compendio</strong></span> <span class='ocrx_word' id='word_1_265' title='bbox 885 3807 1110 3873; x_wconf 88' lang='lat' dir='ltr'><strong>hausit</strong></span> <span class='ocrx_word' id='word_1_266' title='bbox 1158 3808 1279 3873; x_wconf 90' lang='lat' dir='ltr'><strong>sed</strong></span> <span class='ocrx_word' id='word_1_267' title='bbox 1329 3829 1413 3872; x_wconf 83' lang='lat' dir='ltr'><strong>ex</strong></span> <span class='ocrx_word' id='word_1_268' title='bbox 1458 3807 1609 3894; x_wconf 88' lang='lat' dir='ltr'><strong>ipso</strong></span> <span class='ocrx_word' id='word_1_269' title='bbox 1656 3806 2020 3873; x_wconf 87' lang='lat' dir='ltr'><strong>Nicandro.</strong></span> <span class='ocrx_word' id='word_1_270' title='bbox 2119 3806 2257 3872; x_wconf 82' lang='lat' dir='ltr'><strong>Sed</strong></span> <span class='ocrx_word' id='word_1_271' title='bbox 2300 3807 2512 3874; x_wconf 77' lang='lat' dir='ltr'><strong>fontis</strong></span> <span class='ocrx_word' id='word_1_272' title='bbox 2561 3807 2895 3894; x_wconf 89' lang='lat' dir='ltr'><strong>originem</strong></span> 
     </span>
     <span class='ocr_line' id='line_1_33' title="bbox 423 3915 2894 4003; baseline 0.001 -23"><span class='ocrx_word' id='word_1_273' title='bbox 423 3915 813 3996; x_wconf 72' lang='lat' dir='ltr'><strong>invenimus</strong></span> <span class='ocrx_word' id='word_1_274' title='bbox 882 3939 1094 4003; x_wconf 90' lang='lat' dir='ltr'><strong>penes</strong></span> <span class='ocrx_word' id='word_1_275' title='bbox 1165 3916 1527 4003; x_wconf 88' lang='lat' dir='ltr'><strong>scriptores</strong></span> <span class='ocrx_word' id='word_1_276' title='bbox 1596 3915 1769 3994; x_wconf 81' lang='lat' dir='ltr'><strong>illos,</strong></span> <span class='ocrx_word' id='word_1_277' title='bbox 1857 3915 1973 4002; x_wconf 90' lang='lat' dir='ltr'><strong>qui</strong></span> <span class='ocrx_word' id='word_1_278' title='bbox 2049 3938 2186 3981; x_wconf 90' lang='lat' dir='ltr'><strong>una</strong></span> <span class='ocrx_word' id='word_1_279' title='bbox 2263 3938 2418 3982; x_wconf 91' lang='lat' dir='ltr'><strong>cum</strong></span> <span class='ocrx_word' id='word_1_280' title='bbox 2481 3915 2729 3982; x_wconf 87' lang='lat' dir='ltr'><strong>Ovidio</strong></span> <span class='ocrx_word' id='word_1_281' title='bbox 2808 3916 2894 3982; x_wconf 91' lang='lat' dir='ltr'><strong>de</strong></span> 
     </span>
     <span class='ocr_line' id='line_1_34' title="bbox 425 4022 2897 4112; baseline 0 -24"><span class='ocrx_word' id='word_1_282' title='bbox 425 4022 753 4110; x_wconf 87' lang='lat' dir='ltr'><strong>nymphis</strong></span> <span class='ocrx_word' id='word_1_283' title='bbox 798 4023 1213 4092; x_wconf 88' lang='lat' dir='ltr'><strong>Heliconicis</strong></span> <span class='ocrx_word' id='word_1_284' title='bbox 1262 4024 1689 4102; x_wconf 89' lang='lat' dir='ltr'><strong>rettulerunt,</strong></span> <span class='ocrx_word' id='word_1_285' title='bbox 1740 4024 1921 4110; x_wconf 90' lang='lat' dir='ltr'><strong>apud</strong></span> <span class='ocrx_word' id='word_1_286' title='bbox 1974 4023 2383 4090; x_wconf 89' lang='lat' dir='ltr'><strong>Pausaniam</strong></span> <span class='ocrx_word' id='word_1_287' title='bbox 2434 4023 2570 4112; x_wconf 92' lang='lat' dir='ltr'><strong>(IX</strong></span> <span class='ocrx_word' id='word_1_288' title='bbox 2604 4028 2781 4109; x_wconf 86' lang='lat'><strong>31,3)</strong></span> <span class='ocrx_word' id='word_1_289' title='bbox 2829 4032 2897 4090; x_wconf 91' lang='lat' dir='ltr'><strong>et</strong></span> 
     </span>
     <span class='ocr_line' id='line_1_35' title="bbox 430 4128 2969 4218; baseline 0.002 -25"><span class='ocrx_word' id='word_1_290' title='bbox 430 4128 840 4197; x_wconf 86' lang='lat' dir='ltr'><strong>Strabonem</strong></span> <span class='ocrx_word' id='word_1_291' title='bbox 922 4131 1125 4215; x_wconf 91' lang='lat' dir='ltr'>(VHI</span> <span class='ocrx_word' id='word_1_292' title='bbox 1179 4154 1245 4218; x_wconf 92' lang='lat' dir='ltr'><strong>p.</strong></span> <span class='ocrx_word' id='word_1_293' title='bbox 1307 4135 1486 4216; x_wconf 82' lang='lat'><strong>379.)</strong></span> <span class='ocrx_word' id='word_1_294' title='bbox 1587 4129 1724 4195; x_wconf 89' lang='lat' dir='ltr'><strong>Sed</strong></span> <span class='ocrx_word' id='word_1_295' title='bbox 1806 4129 2052 4196; x_wconf 84' lang='lat' dir='ltr'><strong>dixerit</strong></span> <span class='ocrx_word' id='word_1_296' title='bbox 2133 4129 2497 4217; x_wconf 89' lang='lat' dir='ltr'><strong>quispiam:</strong></span> <span class='ocrx_word' id='word_1_297' title='bbox 2578 4131 2897 4216; x_wconf 88' lang='lat' dir='ltr'><strong>quoniam</strong></span> <span class='ocrx_word' id='word_1_298' title='bbox 2963 4171 2969 4177; x_wconf 91' lang='lat'><strong>·</strong></span> 
     </span>
     <span class='ocr_line' id='line_1_36' title="bbox 427 4236 2898 4325; baseline 0.001 -24"><span class='ocrx_word' id='word_1_299' title='bbox 427 4243 785 4322; x_wconf 88' lang='lat' dir='ltr'><strong>utramque</strong></span> <span class='ocrx_word' id='word_1_300' title='bbox 831 4245 1085 4317; x_wconf 91' lang='lat' dir='ltr'><strong>notam,</strong></span> <span class='ocrx_word' id='word_1_301' title='bbox 1135 4245 1204 4304; x_wconf 89' lang='lat' dir='ltr'><strong>et</strong></span> <span class='ocrx_word' id='word_1_302' title='bbox 1270 4237 1520 4324; x_wconf 90' lang='lat' dir='ltr'><strong>Pegasi</strong></span> <span class='ocrx_word' id='word_1_303' title='bbox 1566 4236 1979 4305; x_wconf 88' lang='lat' dir='ltr'><strong>creationem</strong></span> <span class='ocrx_word' id='word_1_304' title='bbox 2026 4244 2096 4303; x_wconf 91' lang='lat' dir='ltr'><strong>et</strong></span> <span class='ocrx_word' id='word_1_305' title='bbox 2140 4236 2643 4325; x_wconf 89' lang='lat' dir='ltr'><strong>Hippucrenae,</strong></span> <span class='ocrx_word' id='word_1_306' title='bbox 2712 4238 2898 4305; x_wconf 93' lang='lat' dir='ltr'><strong>attri-</strong></span> 
     </span>
     <span class='ocr_line' id='line_1_37' title="bbox 429 4341 2897 4439; baseline 0 -30"><span class='ocrx_word' id='word_1_307' title='bbox 429 4341 693 4439; x_wconf 85' lang='lat' dir='ltr'><strong>buerim</strong></span> <span class='ocrx_word' id='word_1_308' title='bbox 740 4345 1145 4432; x_wconf 90' lang='lat' dir='ltr'><strong>compendio</strong></span> <span class='ocrx_word' id='word_1_309' title='bbox 1194 4345 1483 4423; x_wconf 89' lang='lat' dir='ltr'><strong>cuidam,</strong></span> <span class='ocrx_word' id='word_1_310' title='bbox 1543 4351 1899 4429; x_wconf 90' lang='lat' dir='ltr'><strong>utramque</strong></span> <span class='ocrx_word' id='word_1_311' title='bbox 1953 4365 2237 4410; x_wconf 91' lang='lat' dir='ltr'><strong>necesse</strong></span> <span class='ocrx_word' id='word_1_312' title='bbox 2295 4345 2478 4432; x_wconf 89' lang='lat' dir='ltr'><strong>apud</strong></span> <span class='ocrx_word' id='word_1_313' title='bbox 2534 4345 2897 4433; x_wconf 88' lang='lat' dir='ltr'><strong>scriptores</strong></span> 
     </span>
     <span class='ocr_line' id='line_1_38' title="bbox 426 4451 2900 4539; baseline 0 -22"><span class='ocrx_word' id='word_1_314' title='bbox 426 4451 580 4518; x_wconf 92' lang='lat' dir='ltr'><strong>illos</strong></span> <span class='ocrx_word' id='word_1_315' title='bbox 641 4452 1074 4519; x_wconf 87' lang='lat' dir='ltr'><strong>coniunctam</strong></span> <span class='ocrx_word' id='word_1_316' title='bbox 1145 4474 1293 4519; x_wconf 88' lang='lat' dir='ltr'><strong>esse</strong></span> <span class='ocrx_word' id='word_1_317' title='bbox 1362 4459 1754 4539; x_wconf 84' lang='lat' dir='ltr'><strong>exspectare</strong></span> <span class='ocrx_word' id='word_1_318' title='bbox 1813 4473 1962 4531; x_wconf 91' lang='lat' dir='ltr'><strong>nos,</strong></span> <span class='ocrx_word' id='word_1_319' title='bbox 2034 4451 2157 4518; x_wconf 84' lang='lat' dir='ltr'><strong>sed</strong></span> <span class='ocrx_word' id='word_1_320' title='bbox 2221 4451 2388 4532; x_wconf 77' lang='lat' dir='ltr'><strong>falli,</strong></span> <span class='ocrx_word' id='word_1_321' title='bbox 2455 4474 2610 4519; x_wconf 93' lang='lat' dir='ltr'><strong>cum</strong></span> <span class='ocrx_word' id='word_1_322' title='bbox 2675 4475 2900 4539; x_wconf 90' lang='lat' dir='ltr'><strong>neque</strong></span> 
     </span>
     <span class='ocr_line' id='line_1_39' title="bbox 427 4558 2903 4648; baseline 0.001 -24"><span class='ocrx_word' id='word_1_323' title='bbox 427 4559 718 4627; x_wconf 90' lang='lat' dir='ltr'><strong>Hesiodi</strong></span> <span class='ocrx_word' id='word_1_324' title='bbox 751 4560 1291 4648; x_wconf 90' lang='lat' dir='ltr'><strong>Apollodorique</strong></span> <span class='ocrx_word' id='word_1_325' title='bbox 1323 4567 1515 4647; x_wconf 90' lang='lat' dir='ltr'><strong>parte</strong></span> <span class='ocrx_word' id='word_1_326' title='bbox 1546 4558 2031 4646; x_wconf 88' lang='lat' dir='ltr'><strong>Hippucrenae</strong></span> <span class='ocrx_word' id='word_1_327' title='bbox 2065 4558 2397 4645; x_wconf 91' lang='lat' dir='ltr'><strong>originem</strong></span> <span class='ocrx_word' id='word_1_328' title='bbox 2432 4582 2658 4647; x_wconf 90' lang='lat' dir='ltr'><strong>neque</strong></span> <span class='ocrx_word' id='word_1_329' title='bbox 2693 4560 2903 4626; x_wconf 88' lang='lat' dir='ltr'><strong>altera</strong></span> 
     </span>
    </p>
   </div>
   <div class='ocr_carea' id='block_1_4' title="bbox 428 4666 2901 4828">
    <p class='ocr_par' dir='ltr' id='par_1_5' title="bbox 428 4666 2901 4828">
     <span class='ocr_line' id='line_1_40' title="bbox 428 4666 2901 4754; baseline -0 -21"><span class='ocrx_word' id='word_1_330' title='bbox 428 4668 676 4754; x_wconf 80' lang='lat' dir='ltr'><strong>Pegasi</strong></span> <span class='ocrx_word' id='word_1_331' title='bbox 725 4677 946 4735; x_wconf 91' lang='lat' dir='ltr'><strong>ortum</strong></span> <span class='ocrx_word' id='word_1_332' title='bbox 994 4667 1443 4735; x_wconf 89' lang='lat' dir='ltr'><strong>inveniamus.</strong></span> <span class='ocrx_word' id='word_1_333' title='bbox 1521 4666 1970 4753; x_wconf 85' lang='lat' dir='ltr'><strong>Respondeo:</strong></span> <span class='ocrx_word' id='word_1_334' title='bbox 2019 4667 2144 4731; x_wconf 88' lang='lat' dir='ltr'><strong>has</strong></span> <span class='ocrx_word' id='word_1_335' title='bbox 2194 4687 2343 4732; x_wconf 90' lang='lat' dir='ltr'><strong>esse</strong></span> <span class='ocrx_word' id='word_1_336' title='bbox 2410 4666 2580 4733; x_wconf 88' lang='lat' dir='ltr'><strong>duas</strong></span> <span class='ocrx_word' id='word_1_337' title='bbox 2637 4667 2901 4735; x_wconf 83' lang='lat' dir='ltr'><strong>fabulas</strong></span> 
     </span>
     <span class='ocr_line' id='line_1_41' title="bbox 2543 4779 2575 4828; baseline 0 0"><span class='ocrx_word' id='word_1_338' title='bbox 2543 4779 2575 4828; x_wconf 79' lang='lat'><strong>3</strong></span> 
     </span>
    </p>
   </div>
  </div>
 </body>
</html>
