3534 5242
1712 244 2159 303 —32—

712 452 940 519 Ovidii
994 452 1165 518 illud
1228 473 1537 537 „voxque
1595 446 2101 517 salutantum“‘.2
2192 451 2288 516 At
2348 450 2598 515 dixeris
2653 451 2837 516 hunc
2894 472 3170 515 narrare

712 561 798 626 de
844 559 1032 647 picis,
1080 560 1272 625 illum
1321 560 1406 624 de
1454 558 1777 646 psittacis,
1872 559 1970 624 At
2011 556 2276 623 Plinius
2335 557 2638 644 psittacis
2695 557 2997 622 tractatis
3057 557 3194 651 adj

709 667 936 755 iungit
981 667 1166 755 picas
1197 668 1607 745 tractandaS,
1644 689 1928 753 quarum
1961 665 2273 731 imitandi
2314 672 2526 731 artem
2559 665 2831 752 copiose
2864 664 3166 731 ventilat.

711 775 1008 842 Videtur
1055 797 1219 862 ergo
1268 774 1433 841 mihi
1465 774 1751 841 Ovidius
1801 775 1887 840 ad
1936 781 2276 839 certamen
2323 772 2836 860 depingendum
2867 772 3000 839 iam
3029 795 3168 838 non

713 882 969 949 scholia
999 882 1382 949 Nicandrea
1422 882 1544 948 sed
1577 882 1927 948 historiam
1977 882 2318 967 quandam
2359 880 2757 959 fabularem,
2805 902 2935 946 nec
2966 880 3170 945 Grae-

714 1013 861 1057 cam
894 991 1014 1057 sed
1046 990 1427 1056 Romanam
1460 988 1852 1056 adscivisse.
1904 989 2090 1068 Quae
2122 988 2461 1054 sententia
2492 1010 2572 1054 ea
2604 1011 2676 1053 re
2708 987 3172 1065 confirmatur,

715 1098 899 1184 quod
945 1098 1017 1163 in
1063 1097 1313 1163 fabulis
1360 1096 1690 1164 Romanis
1738 1097 1961 1184 picam
2008 1118 2163 1162 cum
2208 1096 2372 1163 Pico
2422 1096 2549 1163 deo
2598 1096 3026 1162 coniunctam
3076 1119 3175 1160 re-

716 1206 1036 1294 perimus.
1106 1205 1350 1272 Omnia
1379 1227 1567 1283 vero,
1617 1226 1790 1289 quae
1820 1204 1904 1270 de
1936 1205 2066 1271 hoc
2100 1202 2381 1269 numine
2413 1204 2500 1269 ad
2532 1225 2658 1270 nos
2690 1209 3174 1290 pervenerunt,

719 1321 954 1381 extant
999 1314 1181 1401 apud
1216 1312 1537 1379 Ovidium
1582 1312 1809 1399 ipsum
1842 1319 1910 1378 et
1940 1311 2323 1399 Vergilium
2357 1311 2808 1398 Serviumque
2841 1333 3176 1379 commen-

715 1429 1023 1501 tatorem,
1057 1421 1173 1508 qui
1205 1420 1481 1508 respicit
1506 1420 1595 1486 ad
1616 1420 2017 1487 Varronem.
2068 1420 2291 1486 Huius
2325 1427 2707 1486 commento
2732 1419 2949 1506 magis
2976 1440 3176 1505 quam

715 1530 908 1597 fonte
939 1529 1200 1596 Graeco
1250 1536 1649 1608 commotuS,
1697 1535 1777 1594 ut
1806 1550 2055 1595 novem
2086 1527 2220 1594 illis
2260 1528 2469 1594 variis
2518 1528 2758 1594 avibus
2804 1527 3180 1615 praeferret

719 1638 895 1704 solas
944 1637 1128 1725 picas
1177 1643 1378 1724 poeta
1425 1657 1574 1701 esse
1618 1635 1788 1702 mihi
1833 1636 2124 1702 videtur.

932 1746 1080 1810 Iam
1121 1752 1545 1811 transeamus
1593 1744 1680 1810 ad
1733 1743 2214 1824 „omissiones“
2253 1743 2479 1810 Ovidii
2512 1750 2581 1808 et
2610 1741 2965 1822 Antonini,
3015 1763 3181 1827 quas

719 1853 937 1918 Bethe
993 1851 1254 1918 statuit:
1328 1851 1757 1918 Antoninum
1806 1851 2115 1919 omisisse
2162 1850 2471 1930 arbitrOS,
2534 1850 2843 1937 quamvis
2902 1872 3072 1937 opus
3119 1850 3179 1914 ei

721 1966 970 2039 essent,
1019 1958 1340 2026 Ovidium
1390 1966 1713 2026 eventum
1762 1967 2086 2029 cantuum
2131 1981 2171 2025 a
2216 1958 2433 2025 Musis
2481 1959 2917 2046 prolatorum.

935 2065 1362 2132 Antoninum
1421 2066 1709 2133 arbitros
1754 2065 2177 2133 Nicandreos
2234 2066 2504 2132 silentio
2560 2066 2988 2153 praeteriisse
3043 2087 3182 2131 non

722 2175 1041 2242 concedo.
1133 2174 1245 2240 Illi
1300 2173 1481 2240 enim
1537 2173 1862 2261 nymphis
1920 2196 2090 2261 opus
2148 2196 2288 2240 non
2345 2174 2559 2240 fuisse
2613 2182 2801 2261 puto,
2865 2173 3186 2260 quoniam

721 2283 1084 2350 universus
1140 2281 1438 2348 mundus
1498 2281 1726 2347 cantui
1771 2281 2058 2348 interest
2104 2289 2172 2348 et
2228 2281 2581 2348 arbitrium
2628 2283 2830 2369 plane
2876 2283 3186 2369 apertum

721 2390 1040 2476 loquitur.
1135 2388 1423 2455 Ovidius
1490 2395 1726 2455 contra
1791 2391 2131 2476 nymphas
2194 2389 2445 2455 auxilio
2512 2389 2916 2457 convocavit
2974 2428 3059 2439 -
3115 2387 3188 2453 id

725 2497 909 2584 quod
955 2494 1245 2562 maxime
1292 2503 1395 2561 est
1443 2495 1765 2562 usitatum
1809 2496 1992 2584 apud
2024 2503 2259 2584 poetas
2292 2497 2799 2564 Alexandrinos
2846 2536 2955 2576 —,
3006 2494 3189 2582 quod

723 2604 1031 2683 forsitan,
1080 2610 1157 2668 ut
1188 2603 1408 2669 Bethe
1439 2603 1695 2669 factum
1737 2625 1889 2670 esse
1936 2604 2142 2692 cupit,
2190 2604 2674 2691 Hippucrenae
2722 2604 3056 2690 originem
3105 2625 3189 2667 ex

726 2734 850 2778 suo
918 2712 1068 2777 loco
1123 2710 1194 2775 in
1252 2710 1547 2797 priorem
1615 2711 2075 2778 transtulerat.
2188 2713 2412 2777 Etiam
2480 2711 2770 2777 Ehwald
2838 2711 3193 2778 adnotavit

725 2821 1066 2907 nymphas
1114 2841 1153 2884 a
1197 2825 1399 2905 poeta
1447 2841 1596 2884 esse
1643 2819 1908 2885 additas
1962 2820 2099 2900 „als
2151 2819 2525 2906 Staffage“.
2607 2820 2761 2885 Hoc
2808 2819 3044 2885 saltem
3094 2818 3192 2884 sic

727 2949 801 2992 se
855 2926 1089 3004 habet;
1157 2933 1454 2993 attamen
1513 2934 1701 3014 put0,
1769 2928 2091 2995 Ovidium
2147 2950 2287 2995 non
2348 2929 2528 2993 ultro
2586 2929 2716 2993 hoc
2773 2932 3191 2994 momentum

728 3036 860 3101 hoc
924 3035 1073 3101 loco
1139 3035 1530 3101 additurum
1588 3034 1824 3114 fuisse,
1889 3034 2024 3100 nisi
2078 3037 2417 3122 nymphas
2475 3036 2547 3101 in
2606 3034 2936 3101 Helicone
2990 3055 3193 3118 quam

728 3141 1155 3229 potissimum
1202 3163 1352 3209 esse
1398 3143 1613 3208 cultas
1661 3141 1974 3208 conscius
2022 3142 2153 3208 sibi
2196 3143 2457 3208 fuisset.
2529 3143 2744 3222 Quem
2778 3141 3035 3207 cultum
3065 3161 3193 3205 nos

731 3248 1182 3336 comperimus
1231 3272 1314 3315 ex
1364 3249 1583 3316 Strab.
1633 3250 1744 3314 IX
1792 3272 1855 3336 p.
1906 3257 2037 3316 410
2085 3256 2153 3314 et
2197 3251 2272 3315 X
2317 3259 2586 3337 p.·471,
2646 3250 2847 3315 Paus.
2897 3249 2971 3313 X
3019 3255 3194 3326 34‚4,

729 3356 939 3443 Verg.
991 3357 1134 3422 Ecl.
1189 3367 1315 3436 7,2,
1376 3357 1472 3441 (in
1521 3356 1778 3423 scholio
1829 3356 2109 3423 Servius
2156 3357 2538 3424 Varronem
2595 3358 2804 3442 citat),
2852 3357 3049 3423 Varr.
3111 3355 3197 3421 de

729 3463 895 3550 ling.
947 3463 1093 3530 Lat.
1149 3473 1319 3543 7,20.

942 3570 1191 3638 Nonne
1223 3579 1292 3637 et
1317 3570 1604 3639 Ovidius
1640 3571 1818 3638 sicut
1847 3594 1973 3639 nos
2003 3572 2077 3639 in
2108 3573 2421 3639 Varrone
2454 3572 2600 3638 sive
2631 3572 2705 3637 in
2738 3570 2869 3637 alio
2904 3571 3200 3657 quodam

735 3678 1138 3765 compendio
1195 3679 1487 3745 fabulari
1543 3680 1719 3745 hanc
1776 3686 2009 3746 notam
2062 3679 2374 3746 invenire
2429 3675 2696 3767 potuit?
2788 3677 3057 3745 Deinde
3115 3678 3201 3743 ab

735 3784 982 3852 Ovidio
1046 3786 1369 3853 maiorem
1430 3786 1503 3851 in
1562 3786 1869 3854 canendo
1927 3787 2068 3853 vim
2126 3787 2479 3853 Musarum
2537 3809 2688 3853 esse
2747 3786 3202 3874 praeteritam,

737 3899 893 3958 ante
941 3892 1279 3957 Betheum
1326 3892 1460 3958 iam
1506 3892 1767 3959 Plaehn
1817 3917 1880 3981 p.
1932 3903 2017 3961 29
2076 3892 2272 3972 vidit,
2336 3894 2453 3980 qui
2499 3915 2770 3959 causam
2832 3892 2961 3959 sibi
3010 3915 3203 3958 exco-

737 3998 981 4086 gitavit
1048 3999 1253 4065 hanc:
1327 4005 1594 4087 poetam
1650 4000 1722 4065 in
1781 3999 2036 4087 Orphei
2089 4000 2322 4066 fabula
2375 4001 2537 4067 talia
2607 3999 2983 4067 accuratius
3056 3998 3204 4063 des-

737 4106 1111 4192 cripturum
1178 4104 1412 4173 fuisse.
1505 4107 1646 4172 Res
1706 4106 1805 4172 sic
1863 4129 2014 4173 esse
2067 4114 2323 4194 potest;
2393 4108 2515 4175 sed
2576 4108 2862 4174 Ovidius
2933 4106 3005 4172 in
3075 4107 3208 4171 hoc

736 4213 979 4279 nuntio
1035 4214 1533 4299 praetereundo
1595 4214 1823 4281 omisit
1876 4215 2062 4280 illam
2116 4215 2335 4302 ipsam
2381 4223 2665 4303 partem,
2728 4237 2860 4301 qua
2915 4213 3205 4279 maxime

736 4319 1081 4385 Nicander
1110 4318 1269 4386 fons
1317 4321 1763 4388 emicavisset.
1833 4323 2007 4387 Nam
2041 4321 2127 4388 de
2157 4322 2490 4388 Helicone
2537 4328 2884 4389 crescente
2931 4327 3206 4405 totaque

739 4433 984 4493 natura
1044 4427 1397 4494 Musarum
1463 4435 1738 4494 cantum
1806 4429 2230 4495 auscultante
2294 4451 2632 4516 nusquam
2697 4428 2859 4515 quid
2926 4428 3014 4494 ad
3080 4447 3206 4511 nos

742 4533 1059 4621 pervenit
1102 4534 1238 4600 nisi
1283 4557 1406 4622 per
1449 4534 1894 4614 Nicandrum,
1954 4542 2191 4603 contra
2239 4537 2323 4602 de
2373 4536 2625 4623 Orphei
2681 4543 2870 4602 tanta
2923 4533 3213 4601 canendi

741 4641 813 4708 vi
857 4664 1059 4709 nemo
1108 4642 1391 4709 dubitat.
1488 4642 1775 4710 Ovidius
1824 4666 1988 4731 ergo
2038 4650 2106 4709 et
2151 4644 2281 4710 hoc
2326 4645 2476 4711 loco
2526 4651 2799 4711 secutus
2863 4651 2968 4709 est
3014 4650 3212 4708 notas
